2774 4972
254 345 340 424 ssd

254 522 389 582 sumendo
424 521 525 582 cibum.
578 522 659 584 [lude
693 531 724 582 et
756 523 1072 598 obstrudulentum
1100 561 1289 584 .......

255 607 329 667 dixit
350 606 495 666 Titinius.

303 709 353 780 A.
383 706 658 780 Ohstrddulenti
676 701 823 802 aliquid,
849 712 946 803 qnod
967 665 1111 830 pochim
1132 711 1268 781 sedens.

305 811 350 881 Β.
378 811 457 880 Ant
477 811 536 881 hic
557 813 729 882 laetaster
749 813 813 882 uilt'
832 813 1028 884 formaster
1047 803 1214 904 frigidus.
1225 817 1247 854 “

255 929 312 988 hic
342 929 530 990 laetaster.
569 930 674 989 Sched.
707 931 984 992 luculentaster.
1011 963 1055 974 -
1080 930 1144 989 los.
1171 928 1292 1010 Scaliger

130 1086 135 1100 .
254 1015 416 1094 priarcmr
398 1033 509 1075 uersum
532 1015 574 1074 sic
595 1015 682 1095 legit:

299 1099 484 1164 Obstrude
504 1098 619 1170 lentis
632 1100 800 1178 aliquid..
821 1101 937 1179 quoad
958 1107 1114 1180 perlata
1119 1100 1256 1164 sedens.

256 1199 410 1260 Dacerius:
584 1251 600 1265 .

304 1285 585 1345 0hstrudnleuti
606 1251 744 1385 aliquid
766 1286 862 1366 quod
883 1287 1074 1366 adpectarn
1087 1285 1230 1346 sedens.
1378 1343 1379 1362 ι

256 1370 372 1450 Siquid
394 1370 555 1429 mumadam
577 1378 668 1442 esset,
690 1370 843 1432 insererem
865 1372 907 1431 da
927 1376 993 1451 pust
1006 1368 1291 1430 llhstruduleuti.
1377 1429 1379 1462 l

257 1456 353 1516 llliuus
375 1462 468 1514 autem
490 1449 610 1514 offendit
631 1455 754 1514 hiatus'
746 1476 774 1515 ιιι
797 1475 926 1516 caesura.
946 1489 989 1502 ·-
1017 1453 1295 1528 „llhstrudulem

257 1544 370 1611 tnm,“
402 1540 493 1618 iuquit
518 1541 652 1612 Batlrius,
684 1539 823 1614 „ridicule
850 1540 918 1600 licta
945 1560 1004 1602 vox
1017 1497 1068 1600 iad
1097 1539 1295 1600 similitudinem

257 1583 406 1688 verhrirurn
428 1625 610 1698 esculentum,
632 1584 817 1730 patiileuturu,
839 1625 1040 1706 pulmentum“
1069 1625 1132 1684 das.
1156 1624 1296 1740 Scaligerg
1378 1693 1379 1698 ι

259 1711 500 1782 „,Laetaster
523 1669 794 1792 χαριὲιτιζόμειος.
824 1710 1041 1782 formaster,
1069 1701 1296 1790 ὡραὶζόμενοςέ(
1378 1771 1379 1788 ἦ

256 1753 364 1854 liudem
390 1815 452 1854 curn
478 1751 602 1856 lluceria
625 1797 728 1874 repetit
748 1795 878 1856 Bathius.
921 1797 1022 1855 Recte.
1053 1795 1124 1854 Aliis
1145 1795 1239 1857 verbis
1259 1791 1295 1852 di·
1378 1855 1379 1871 ι

257 1887 371 1940 ceretur
392 1879 543 1960 Frigido
565 1881 609 1941 vel
632 1881 770 1958 insulse
792 1881 850 1940 hic
870 1881 1024 1940 iocatur.
1047 1881 1296 1959 Explicaudasuut
1378 1881 1379 1952 ζ

257 1973 407 2045 praeterea
436 1965 523 2025 verba
551 1951 730 2024 laetaster
762 1974 825 2030 aut
851 1952 1051 2025 loimaster
1071 1962 1235 2047 lrigidus
1254 1982 1295 2034 eo,
1373 1974 1379 2039 ἰ

259 2051 334 2130 quod
364 2050 476 2110 scurrili
507 2051 590 2108 ruodo
627 2049 700 2110 alter
731 2050 918 2118 interlocutos
949 2051 1004 2110 sihi
1031 2049 1135 2129 aliquid
1167 2049 1296 2112 edendum
1378 2087 1379 2092 κ

256 2142 436 2215 poposcerat.
724 2159 729 2165 ·

719 2264 815 2382 *Pii
914 2363 944 2378 Ι,
993 2281 1004 2294 ”

343 2423 495 2485 Festusr.
516 2423 674 2484 Pedibus
696 2422 865 2495 obsitum,
886 2421 1000 2482 'Sched
1022 2432 1103 2504 p.89
1121 2424 1168 2484 cd.
1183 2423 1295 2483 Decea:
1378 2448 1379 2482 ι

260 2508 603 2582 „Pcdihus0hsitum,
633 2508 661 2567 sd
683 2515 737 2583 est
759 2508 904 2588 pediculis.
948 2509 1078 2568 Trtrurus
1099 2509 1296 2589 pedicosum
1373 2539 1379 2564 ,ι

258 2553 383 2674 iippellat
403 2595 457 2653 hoc
478 2594 575 2652 moda:
845 2621 850 2628 ·

322 2678 872 2757 Rusdetrudelurpedicosus‚
902 2636 1130 2757 squalidus.“
1374 2747 1375 2766 ι

259 2763 376 2822 Paullus
399 2784 436 2822 ex
451 2764 557 2822 Festo:
581 2763 728 2834 „Pedes
751 2763 891 2833 dicuntur,
915 2782 987 2841 quos
1009 2762 1174 2822 diminutive
1190 2762 1296 2821 dicimus

258 2848 413 2927 pediculos.
456 2849 500 2906 Ah
531 2848 575 2906 Ιιίι
606 2847 732 2927 pedicosi
754 2848 945 2926 appellantur3
976 2854 1009 2906 ut
1030 2855 1075 2906 est
1095 2847 1181 2906 illud:
1203 2845 1297 2906 Pedi·

259 2951 378 3002 casus,
401 2932 605 3011 squalidus,
627 2932 686 2992 uhi
708 2952 757 2993 rue
775 2932 889 3003 videt,
912 2932 1171 3012 caputscnhit,
1193 2931 1295 3012 pedes

258 3015 384 3098 legit.“
426 3017 508 3096 Apud
535 3019 649 3076 Festum
680 3017 767 3078 vcrha
798 3016 857 3075 ubi
878 3037 927 3075 mc
948 3026 1070 3090 etcex
1099 3017 1212 3076 Lucilia
1242 3016 1296 3075 lau·

249 3103 372 3160 dantur.
415 3100 474 3159 Pro
504 3103 716 3182 pedicosus,
749 3103 822 3181 quad
855 3101 984 3168 senarius
1011 3101 1134 3182 respuit,
1167 3100 1297 3162 Ducerius

260 3206 322 3247 cum
345 3186 512 3267 Scaligero,
545 3186 591 3266 qui
622 3189 738 3246 Festum
760 3187 787 3245 in
810 3185 980 3265 depravatos
1002 3187 1114 3246 codices
1135 3187 1240 3246 Titinii
1259 3185 1297 3242 in·

261 3271 364 3331 cidisse
379 3275 479 3330 merita
497 3279 587 3352 putat,
604 3272 755 3353 legendum
771 3270 904 3351 proponit
918 3272 1153 3350 paedidasus.
1176 3269 1295 3338 Bathins,

261 3356 329 3414 nihil
350 3365 470 3426 mutans,
492 3377 604 3417 versum
625 3357 711 3415 hahet
732 3377 783 3436 pru
806 3363 980 3432 asyuarteto,
1002 3364 1151 3416 constante
1174 3377 1212 3416 ex
1232 3355 1297 3432 ithy·
1378 3369 1379 3380 ¹

260 3442 345 3521 phall.
373 3449 402 3499 et
431 3441 514 3500 iamh.
537 3441 601 3501 dim.
624 3442 784 3519 brachycat.
827 3441 947 3512 Festus,
968 3442 1043 3500 uude
1064 3441 1159 3500 hausit
1179 3439 1296 3506 Paullus,

181 3559 184 3567 ·
263 3545 333 3586 sane
362 3526 474 3586 videtur
500 3525 608 3608 legisse
634 3527 837 3605 pedicosus.
879 3525 974 3584 Nihilo
995 3545 1063 3587 vero
1086 3525 1178 3609 uagis
1200 3523 1296 3593 dubito,

261 3611 327 3691 quia
350 3610 478 3670 Titinius
499 3610 541 3670 itu
562 3611 708 3690 scripserit
728 3630 854 3671 versum:

352 3709 432 3782 Rus
455 3711 664 3781 detrudetur
685 3711 927 3804 pediculosus,
954 3701 1153 3803 squallidus.

263 3830 297 3889 Si
317 3830 391 3909 apud
412 3829 573 3890 Martialem
586 3830 653 3888 Xll.
670 3833 720 3890 59.
744 3838 774 3890 8.
796 3829 841 3890 hic
862 3845 963 3890 uersus
983 3829 1152 3890 Phalaecius
1173 3831 1276 3889 exstat·

348 3915 446 3987 „lliuc
468 3915 555 3974 menti
576 3914 704 3974 daminus
725 3913 920 3993 pediculasi;“

264 3957 404 4080 singulari
425 3999 541 4059 licentia
561 4006 648 4079 padta
671 3999 822 4058 secundam
844 3998 922 4059 verhi
945 3997 1152 4076 pediculasi
1172 3994 1295 4092 syllohom

265 4083 409 4162 produxit.
452 4085 524 4145 llam
555 4083 668 4163 proprie
691 4103 742 4154 ea,
775 4102 858 4162 quum
880 4084 1045 4144 vocabulum
1066 4104 1085 4143 a
1104 4083 1175 4163 pede
1195 4078 1296 4140 darive·

265 4176 323 4228 tum
338 4168 386 4240 rit,
407 4169 569 4232 necessario
588 4167 681 4230 hrevis
698 4173 752 4230 est.
782 4167 959 4230 Partinulssa
974 4173 1068 4228 autern
1082 4175 1150 4248 puto
1160 4164 1294 4246 fragmen·
