<?xml version="1.0" encoding="UTF-8"?>
<!DOCTYPE html PUBLIC "-//W3C//DTD XHTML 1.0 Transitional//EN"
    "http://www.w3.org/TR/xhtml1/DTD/xhtml1-transitional.dtd">
<html xmlns="http://www.w3.org/1999/xhtml" xml:lang="en" lang="en">
 <head>
  <title>
</title>
<meta http-equiv="Content-Type" content="text/html;charset=utf-8" />
  <meta name='ocr-system' content='tesseract 3.04.00' />
  <meta name='ocr-capabilities' content='ocr_page ocr_carea ocr_par ocr_line ocrx_word'/>
</head>
<body>
  <div class='ocr_page' id='page_1' title='image "./defabulatogatar00neukgoog_0104.png"; bbox 0 0 2772 4968; ppageno 0'>
   <div class='ocr_carea' id='block_1_1' title="bbox 295 781 914 856">
    <p class='ocr_par' dir='ltr' id='par_1_1' title="bbox 295 781 914 856">
     <span class='ocr_line' id='line_1_1' title="bbox 295 781 914 856; baseline -0.005 -2"><span class='ocrx_word' id='word_1_1' title='bbox 295 785 592 856; x_wconf 71' lang='lat' dir='ltr'>GURIA&#39;H!</span> <span class='ocrx_word' id='word_1_2' title='bbox 610 781 914 852; x_wconf 68' lang='lat' dir='ltr'>flss&#39;flffl.</span> 
     </span>
    </p>
   </div>
   <div class='ocr_carea' id='block_1_2' title="bbox 496 1057 709 1121">
    <p class='ocr_par' dir='ltr' id='par_1_2' title="bbox 496 1057 709 1121">
     <span class='ocr_line' id='line_1_2' title="bbox 496 1057 709 1121; baseline 0 -3"><span class='ocrx_word' id='word_1_3' title='bbox 496 1057 709 1121; x_wconf 75' lang='lat' dir='ltr'><strong>CATO.</strong></span> 
     </span>
    </p>
   </div>
   <div class='ocr_carea' id='block_1_3' title="bbox 16 1205 1125 2392">
    <p class='ocr_par' dir='ltr' id='par_1_3' title="bbox 16 1205 1125 2392">
     <span class='ocr_line' id='line_1_3' title="bbox 172 1205 1123 1291; baseline -0.002 -21"><span class='ocrx_word' id='word_1_4' title='bbox 172 1211 236 1271; x_wconf 82' lang='lat' dir='ltr'>Fuit</span> <span class='ocrx_word' id='word_1_5' title='bbox 265 1209 470 1291; x_wconf 84' lang='lat' dir='ltr'>proculdubio</span> <span class='ocrx_word' id='word_1_6' title='bbox 497 1210 570 1269; x_wconf 82' lang='lat' dir='ltr'>ceto</span> <span class='ocrx_word' id='word_1_7' title='bbox 592 1207 751 1281; x_wconf 72' lang='lat' dir='ltr'>Uticensis,</span> <span class='ocrx_word' id='word_1_8' title='bbox 782 1227 864 1290; x_wconf 80' lang='lat' dir='ltr'>quest</span> <span class='ocrx_word' id='word_1_9' title='bbox 894 1207 1039 1268; x_wconf 84' lang='lat' dir='ltr'>llaternns</span> <span class='ocrx_word' id='word_1_10' title='bbox 1069 1205 1123 1268; x_wconf 82' lang='lat' dir='ltr'>lae</span> 
     </span>
     <span class='ocr_line' id='line_1_4' title="bbox 99 1291 1123 1376; baseline -0.004 -22"><span class='ocrx_word' id='word_1_11' title='bbox 99 1293 183 1356; x_wconf 83' lang='lat' dir='ltr'>fabule</span> <span class='ocrx_word' id='word_1_12' title='bbox 208 1294 402 1356; x_wconf 80' lang='lat' dir='ltr'>illustrandum</span> <span class='ocrx_word' id='word_1_13' title='bbox 423 1293 478 1353; x_wconf 86' lang='lat' dir='ltr'>sibi</span> <span class='ocrx_word' id='word_1_14' title='bbox 499 1301 664 1375; x_wconf 76' lang='lat' dir='ltr'>snnpserat.</span> <span class='ocrx_word' id='word_1_15' title='bbox 707 1293 738 1353; x_wconf 93' lang='lat' dir='ltr'>ln</span> <span class='ocrx_word' id='word_1_16' title='bbox 760 1291 885 1376; x_wconf 76' lang='lat' dir='ltr'>Dialngo</span> <span class='ocrx_word' id='word_1_17' title='bbox 907 1291 1123 1353; x_wconf 81' lang='lat' dir='ltr'>decretoribus</span> 
     </span>
     <span class='ocr_line' id='line_1_5' title="bbox 99 1375 1123 1461; baseline -0.001 -24"><span class='ocrx_word' id='word_1_18' title='bbox 99 1381 129 1438; x_wconf 91' lang='lat' dir='ltr'>ll.</span> <span class='ocrx_word' id='word_1_19' title='bbox 143 1401 181 1460; x_wconf 84' lang='lat' dir='ltr'>sq.</span> <span class='ocrx_word' id='word_1_20' title='bbox 207 1383 277 1441; x_wconf 80' lang='lat' dir='ltr'>lssec</span> <span class='ocrx_word' id='word_1_21' title='bbox 304 1379 440 1461; x_wconf 73' lang='lat' dir='ltr'>legi-ns,</span> <span class='ocrx_word' id='word_1_22' title='bbox 477 1379 514 1438; x_wconf 88' lang='lat' dir='ltr'>ad</span> <span class='ocrx_word' id='word_1_23' title='bbox 541 1377 686 1461; x_wconf 73' lang='lat' dir='ltr'>ingenium</span> <span class='ocrx_word' id='word_1_24' title='bbox 713 1377 775 1438; x_wconf 86' lang='lat' dir='ltr'>eius</span> <span class='ocrx_word' id='word_1_25' title='bbox 806 1376 1018 1460; x_wconf 70' lang='lat' dir='ltr'>intelligendum</span> <span class='ocrx_word' id='word_1_26' title='bbox 1050 1375 1123 1436; x_wconf 87' lang='lat' dir='ltr'>lrsud</span> 
     </span>
     <span class='ocr_line' id='line_1_6' title="bbox 99 1463 1124 1543; baseline -0.002 -21"><span class='ocrx_word' id='word_1_27' title='bbox 99 1463 211 1525; x_wconf 86' lang='lat' dir='ltr'>inutilis:</span> <span class='ocrx_word' id='word_1_28' title='bbox 232 1465 381 1540; x_wconf 86' lang='lat' dir='ltr'>„Postero</span> <span class='ocrx_word' id='word_1_29' title='bbox 402 1464 464 1535; x_wconf 87' lang='lat' dir='ltr'>die,</span> <span class='ocrx_word' id='word_1_30' title='bbox 485 1483 568 1543; x_wconf 79' lang='lat' dir='ltr'>qusss</span> <span class='ocrx_word' id='word_1_31' title='bbox 590 1463 733 1523; x_wconf 71' lang='lat' dir='ltr'><strong>Curiatius</strong></span> <span class='ocrx_word' id='word_1_32' title='bbox 753 1464 900 1523; x_wconf 86' lang='lat' dir='ltr'>llaternns</span> <span class='ocrx_word' id='word_1_33' title='bbox 921 1463 1057 1522; x_wconf 80' lang='lat' dir='ltr'>Catonern</span> <span class='ocrx_word' id='word_1_34' title='bbox 1079 1479 1124 1520; x_wconf 85' lang='lat' dir='ltr'>rs·</span> 
     </span>
     <span class='ocr_line' id='line_1_7' title="bbox 98 1547 1124 1630; baseline -0.003 -22"><span class='ocrx_word' id='word_1_35' title='bbox 98 1549 237 1622; x_wconf 65' lang='lat' dir='ltr'>curun,</span> <span class='ocrx_word' id='word_1_36' title='bbox 266 1569 350 1630; x_wconf 78' lang='lat' dir='ltr'>quun</span> <span class='ocrx_word' id='word_1_37' title='bbox 377 1547 530 1608; x_wconf 76' lang='lat' dir='ltr'>offendisse</span> <span class='ocrx_word' id='word_1_38' title='bbox 555 1549 711 1628; x_wconf 80' lang='lat' dir='ltr'>potentian</span> <span class='ocrx_word' id='word_1_39' title='bbox 738 1548 848 1608; x_wconf 70' lang='lat' dir='ltr'>sni-os</span> <span class='ocrx_word' id='word_1_40' title='bbox 868 1547 1023 1618; x_wconf 87' lang='lat' dir='ltr'>diceretur,</span> <span class='ocrx_word' id='word_1_41' title='bbox 1054 1553 1124 1605; x_wconf 78' lang='lat' dir='ltr'>tan·</span> 
     </span>
     <span class='ocr_line' id='line_1_8' title="bbox 98 1631 1124 1716; baseline -0.004 -22"><span class='ocrx_word' id='word_1_42' title='bbox 98 1653 170 1712; x_wconf 74' lang='lat' dir='ltr'>quan</span> <span class='ocrx_word' id='word_1_43' title='bbox 190 1636 219 1694; x_wconf 92' lang='lat' dir='ltr'>in</span> <span class='ocrx_word' id='word_1_44' title='bbox 241 1655 277 1696; x_wconf 92' lang='lat' dir='ltr'>eo</span> <span class='ocrx_word' id='word_1_45' title='bbox 299 1633 468 1716; x_wconf 70' lang='lat' dir='ltr'>tragoediae</span> <span class='ocrx_word' id='word_1_46' title='bbox 490 1641 673 1714; x_wconf 72' lang='lat' dir='ltr'>argunemn,</span> <span class='ocrx_word' id='word_1_47' title='bbox 695 1633 740 1692; x_wconf 92' lang='lat' dir='ltr'>sui</span> <span class='ocrx_word' id='word_1_48' title='bbox 761 1633 879 1706; x_wconf 85' lang='lat' dir='ltr'>oblitus,</span> <span class='ocrx_word' id='word_1_49' title='bbox 908 1638 1016 1692; x_wconf 87' lang='lat' dir='ltr'>tanturn</span> <span class='ocrx_word' id='word_1_50' title='bbox 1038 1631 1124 1690; x_wconf 79' lang='lat' dir='ltr'>csto-</span> 
     </span>
     <span class='ocr_line' id='line_1_9' title="bbox 17 1715 1125 1818; baseline -0.002 -42"><span class='ocrx_word' id='word_1_51' title='bbox 17 1785 18 1790; x_wconf 13' lang='lat'>1</span> <span class='ocrx_word' id='word_1_52' title='bbox 98 1737 152 1778; x_wconf 87' lang='lat' dir='ltr'>nen</span> <span class='ocrx_word' id='word_1_53' title='bbox 171 1720 337 1801; x_wconf 73' lang='lat' dir='ltr'>cogitasset,</span> <span class='ocrx_word' id='word_1_54' title='bbox 360 1738 449 1798; x_wconf 81' lang='lat' dir='ltr'>eaque</span> <span class='ocrx_word' id='word_1_55' title='bbox 471 1719 506 1778; x_wconf 88' lang='lat' dir='ltr'>de</span> <span class='ocrx_word' id='word_1_56' title='bbox 528 1739 559 1778; x_wconf 91' lang='lat' dir='ltr'>re</span> <span class='ocrx_word' id='word_1_57' title='bbox 579 1737 631 1798; x_wconf 87' lang='lat' dir='ltr'>per</span> <span class='ocrx_word' id='word_1_58' title='bbox 653 1716 904 1818; x_wconf 44' lang='lat' dir='ltr'>urben&#39;frequens</span> <span class='ocrx_word' id='word_1_59' title='bbox 925 1736 1017 1777; x_wconf 82' lang='lat' dir='ltr'>seruo</span> <span class='ocrx_word' id='word_1_60' title='bbox 1040 1715 1125 1775; x_wconf 81' lang='lat' dir='ltr'>lrabe-</span> 
     </span>
     <span class='ocr_line' id='line_1_10' title="bbox 16 1800 1124 1971; baseline -0.005 -23"><span class='ocrx_word' id='word_1_61' title='bbox 16 1865 17 1898; x_wconf 38' lang='grc' dir='ltr'>ψ</span> <span class='ocrx_word' id='word_1_62' title='bbox 96 1800 1124 1971; x_wconf 48' lang='lat' dir='ltr'>u21522u4212⁶f:i·„tct⁹,·;0:‘{luinlinit:</span> 
     </span>
     <span class='ocr_line' id='line_1_11' title="bbox 97 1969 1124 2050; baseline -0.005 -18"><span class='ocrx_word' id='word_1_63' title='bbox 97 1991 143 2050; x_wconf 80' lang='lat' dir='ltr'>poc</span> <span class='ocrx_word' id='word_1_64' title='bbox 165 1973 247 2034; x_wconf 84' lang='lat' dir='ltr'>nodo</span> <span class='ocrx_word' id='word_1_65' title='bbox 270 1973 398 2032; x_wconf 87' lang='lat' dir='ltr'>studiose</span> <span class='ocrx_word' id='word_1_66' title='bbox 418 1972 579 2043; x_wconf 75' lang='lat' dir='ltr'>audiebam,</span> <span class='ocrx_word' id='word_1_67' title='bbox 612 1971 663 2032; x_wconf 89' lang='lat' dir='ltr'>sed</span> <span class='ocrx_word' id='word_1_68' title='bbox 684 1971 759 2030; x_wconf 88' lang='lat' dir='ltr'>dorni</span> <span class='ocrx_word' id='word_1_69' title='bbox 780 1991 892 2050; x_wconf 82' lang='lat' dir='ltr'>qunque</span> <span class='ocrx_word' id='word_1_70' title='bbox 913 1975 942 2030; x_wconf 86' lang='lat' dir='ltr'>et</span> <span class='ocrx_word' id='word_1_71' title='bbox 963 1969 992 2028; x_wconf 92' lang='lat' dir='ltr'>in</span> <span class='ocrx_word' id='word_1_72' title='bbox 1013 1969 1124 2049; x_wconf 83' lang='lat' dir='ltr'>publico</span> 
     </span>
     <span class='ocr_line' id='line_1_12' title="bbox 97 2053 1124 2138; baseline -0.008 -19"><span class='ocrx_word' id='word_1_73' title='bbox 97 2059 257 2118; x_wconf 63' lang='lat' dir='ltr'>mutar.</span> <span class='ocrx_word' id='word_1_74' title='bbox 281 2090 324 2103; x_wconf 98' lang='lat'><em>-</em></span> <span class='ocrx_word' id='word_1_75' title='bbox 349 2057 442 2138; x_wconf 70' lang='lat' dir='ltr'>igitur</span> <span class='ocrx_word' id='word_1_76' title='bbox 462 2064 495 2116; x_wconf 92' lang='lat' dir='ltr'>ut</span> <span class='ocrx_word' id='word_1_77' title='bbox 514 2055 678 2116; x_wconf 77' lang='lat' dir='ltr'>intravimus</span> <span class='ocrx_word' id='word_1_78' title='bbox 701 2056 856 2116; x_wconf 74' lang='lat' dir='ltr'>cubiculum</span> <span class='ocrx_word' id='word_1_79' title='bbox 870 2054 1004 2125; x_wconf 85' lang='lat' dir='ltr'>listerni,</span> <span class='ocrx_word' id='word_1_80' title='bbox 1024 2053 1124 2112; x_wconf 88' lang='lat' dir='ltr'>seden-</span> 
     </span>
     <span class='ocr_line' id='line_1_13' title="bbox 97 2139 1125 2223; baseline -0.003 -23"><span class='ocrx_word' id='word_1_81' title='bbox 97 2149 144 2200; x_wconf 80' lang='lat' dir='ltr'>tcn</span> <span class='ocrx_word' id='word_1_82' title='bbox 163 2143 253 2223; x_wconf 81' lang='lat' dir='ltr'>ipsun</span> <span class='ocrx_word' id='word_1_83' title='bbox 276 2149 321 2214; x_wconf 87' lang='lat' dir='ltr'>et,</span> <span class='ocrx_word' id='word_1_84' title='bbox 355 2161 435 2220; x_wconf 74' lang='lat' dir='ltr'>que·</span> <span class='ocrx_word' id='word_1_85' title='bbox 456 2140 546 2221; x_wconf 84' lang='lat' dir='ltr'>pridie</span> <span class='ocrx_word' id='word_1_86' title='bbox 566 2139 751 2212; x_wconf 71' lang='lat' dir='ltr'>recitaverat,</span> <span class='ocrx_word' id='word_1_87' title='bbox 786 2140 887 2200; x_wconf 84' lang='lat' dir='ltr'>librnss</span> <span class='ocrx_word' id='word_1_88' title='bbox 919 2139 995 2198; x_wconf 88' lang='lat' dir='ltr'>intra</span> <span class='ocrx_word' id='word_1_89' title='bbox 1025 2157 1125 2198; x_wconf 74' lang='lat' dir='ltr'>unus</span> 
     </span>
     <span class='ocr_line' id='line_1_14' title="bbox 96 2221 1124 2306; baseline -0.001 -23"><span class='ocrx_word' id='word_1_90' title='bbox 96 2225 233 2288; x_wconf 74' lang='lat' dir='ltr'>labente·</span> <span class='ocrx_word' id='word_1_91' title='bbox 254 2226 498 2306; x_wconf 77' lang='lat' dir='ltr'>deprehendimus.</span> <span class='ocrx_word' id='word_1_92' title='bbox 541 2225 618 2284; x_wconf 87' lang='lat' dir='ltr'>Turn</span> <span class='ocrx_word' id='word_1_93' title='bbox 639 2224 802 2284; x_wconf 77' lang='lat' dir='ltr'>Secundnss</span> <span class='ocrx_word' id='word_1_94' title='bbox 824 2224 933 2285; x_wconf 83' lang='lat' dir='ltr'>Nilne</span> <span class='ocrx_word' id='word_1_95' title='bbox 954 2231 1002 2295; x_wconf 91' lang='lat' dir='ltr'>te,</span> <span class='ocrx_word' id='word_1_96' title='bbox 1023 2221 1124 2303; x_wconf 81' lang='lat' dir='ltr'>iuquit,</span> 
     </span>
     <span class='ocr_line' id='line_1_15' title="bbox 96 2307 1125 2392; baseline -0.002 -24"><span class='ocrx_word' id='word_1_97' title='bbox 96 2311 265 2383; x_wconf 83' lang='lat' dir='ltr'>linterne,</span> <span class='ocrx_word' id='word_1_98' title='bbox 296 2309 441 2371; x_wconf 82' lang='lat' dir='ltr'>falrnlse</span> <span class='ocrx_word' id='word_1_99' title='bbox 467 2309 704 2392; x_wconf 73' lang='lat' dir='ltr'>malignoruss</span> <span class='ocrx_word' id='word_1_100' title='bbox 730 2316 889 2380; x_wconf 84' lang='lat' dir='ltr'>terrent,</span> <span class='ocrx_word' id='word_1_101' title='bbox 923 2327 990 2388; x_wconf 85' lang='lat' dir='ltr'>qno</span> <span class='ocrx_word' id='word_1_102' title='bbox 1011 2307 1125 2366; x_wconf 78' lang='lat' dir='ltr'>nicus</span> 
     </span>
    </p>
   </div>
   <div class='ocr_carea' id='block_1_4' title="bbox 14 2393 1125 2460">
    <p class='ocr_par' dir='ltr' id='par_1_4' title="bbox 14 2393 1125 2460">
     <span class='ocr_line' id='line_1_16' title="bbox 14 2393 1125 2460; baseline 0.001 -7"><span class='ocrx_word' id='word_1_103' title='bbox 14 2431 16 2460; x_wconf 65' lang='lat' dir='ltr'><em>s</em></span> <span class='ocrx_word' id='word_1_104' title='bbox 97 2394 251 2456; x_wconf 86' lang='lat' dir='ltr'>cilensas</span> <span class='ocrx_word' id='word_1_105' title='bbox 282 2395 433 2454; x_wconf 84' lang='lat' dir='ltr'>Catonis</span> <span class='ocrx_word' id='word_1_106' title='bbox 462 2394 515 2454; x_wconf 94' lang='lat' dir='ltr'>tui</span> <span class='ocrx_word' id='word_1_107' title='bbox 542 2396 656 2454; x_wconf 76' lang='lat' dir='ltr'>suast</span> <span class='ocrx_word' id='word_1_108' title='bbox 687 2414 732 2454; x_wconf 92' lang='lat' dir='ltr'>an</span> <span class='ocrx_word' id='word_1_109' title='bbox 759 2394 843 2455; x_wconf 88' lang='lat' dir='ltr'>iden</span> <span class='ocrx_word' id='word_1_110' title='bbox 863 2393 998 2453; x_wconf 82' lang='lat' dir='ltr'>librum</span> <span class='ocrx_word' id='word_1_111' title='bbox 1018 2393 1125 2454; x_wconf 72' lang='lat' dir='ltr'>istu·</span> 
     </span>
    </p>
   </div>
   <div class='ocr_carea' id='block_1_5' title="bbox 14 2475 1125 3556">
    <p class='ocr_par' dir='ltr' id='par_1_5' title="bbox 14 2475 1125 3556">
     <span class='ocr_line' id='line_1_17' title="bbox 14 2475 1125 2560; baseline 0 -22"><span class='ocrx_word' id='word_1_112' title='bbox 14 2475 16 2494; x_wconf 70' lang='lat'><strong><em>¹</em></strong></span> <span class='ocrx_word' id='word_1_113' title='bbox 96 2479 382 2560; x_wconf 72' lang='lat' dir='ltr'>apprehendisti,</span> <span class='ocrx_word' id='word_1_114' title='bbox 409 2478 694 2560; x_wconf 75' lang='lat' dir='ltr'>ut-diligentius</span> <span class='ocrx_word' id='word_1_115' title='bbox 714 2486 943 2539; x_wconf 87' lang='lat' dir='ltr'>retractares</span> <span class='ocrx_word' id='word_1_116' title='bbox 964 2485 1017 2550; x_wconf 85' lang='lat' dir='ltr'>et,</span> <span class='ocrx_word' id='word_1_117' title='bbox 1049 2477 1125 2538; x_wconf 80' lang='lat' dir='ltr'>sub-</span> 
     </span>
     <span class='ocr_line' id='line_1_18' title="bbox 15 2560 1124 2643; baseline 0.003 -23"><span class='ocrx_word' id='word_1_118' title='bbox 15 2607 16 2642; x_wconf 70' lang='lat'>3</span> <span class='ocrx_word' id='word_1_119' title='bbox 96 2562 191 2637; x_wconf 87' lang='lat' dir='ltr'>latis,</span> <span class='ocrx_word' id='word_1_120' title='bbox 222 2565 255 2624; x_wconf 89' lang='lat' dir='ltr'>si</span> <span class='ocrx_word' id='word_1_121' title='bbox 287 2583 354 2642; x_wconf 89' lang='lat' dir='ltr'>qna</span> <span class='ocrx_word' id='word_1_122' title='bbox 380 2583 512 2643; x_wconf 85' lang='lat' dir='ltr'>pravae</span> <span class='ocrx_word' id='word_1_123' title='bbox 533 2563 841 2643; x_wconf 83' lang='lat' dir='ltr'>interpretationi</span> <span class='ocrx_word' id='word_1_124' title='bbox 861 2560 1048 2623; x_wconf 83' lang='lat' dir='ltr'>materiam</span> <span class='ocrx_word' id='word_1_125' title='bbox 1069 2562 1124 2623; x_wconf 90' lang='lat' dir='ltr'>de·</span> 
     </span>
     <span class='ocr_line' id='line_1_19' title="bbox 14 2643 1124 2736; baseline -0.002 -29"><span class='ocrx_word' id='word_1_126' title='bbox 14 2643 16 2736; x_wconf 46' lang='lat' dir='ltr'><em>J</em></span> <span class='ocrx_word' id='word_1_127' title='bbox 96 2649 232 2722; x_wconf 85' lang='lat' dir='ltr'>derunt,</span> <span class='ocrx_word' id='word_1_128' title='bbox 266 2649 457 2708; x_wconf 86' lang='lat' dir='ltr'>emitteres</span> <span class='ocrx_word' id='word_1_129' title='bbox 485 2648 654 2708; x_wconf 81' lang='lat' dir='ltr'>Catonem</span> <span class='ocrx_word' id='word_1_130' title='bbox 675 2668 744 2707; x_wconf 90' lang='lat' dir='ltr'>non</span> <span class='ocrx_word' id='word_1_131' title='bbox 766 2648 904 2726; x_wconf 88' lang='lat' dir='ltr'>quidens</span> <span class='ocrx_word' id='word_1_132' title='bbox 927 2646 1124 2720; x_wconf 86' lang='lat' dir='ltr'>meliorem,</span> 
     </span>
     <span class='ocr_line' id='line_1_20' title="bbox 15 2731 1123 2814; baseline 0 -24"><span class='ocrx_word' id='word_1_133' title='bbox 15 2777 16 2782; x_wconf 32' lang='lat'>1</span> <span class='ocrx_word' id='word_1_134' title='bbox 95 2735 149 2793; x_wconf 88' lang='lat' dir='ltr'>sed</span> <span class='ocrx_word' id='word_1_135' title='bbox 175 2742 292 2794; x_wconf 85' lang='lat' dir='ltr'>tamen</span> <span class='ocrx_word' id='word_1_136' title='bbox 313 2731 553 2793; x_wconf 76' lang='lat' dir='ltr'>securioremi</span> <span class='ocrx_word' id='word_1_137' title='bbox 581 2733 658 2791; x_wconf 76' lang='lat' dir='ltr'>Tun</span> <span class='ocrx_word' id='word_1_138' title='bbox 679 2732 741 2792; x_wconf 84' lang='lat' dir='ltr'>ille:</span> <span class='ocrx_word' id='word_1_139' title='bbox 769 2732 890 2814; x_wconf 74' lang='lat' dir='ltr'>Leges</span> <span class='ocrx_word' id='word_1_140' title='bbox 911 2738 947 2792; x_wconf 91' lang='lat' dir='ltr'>tu</span> <span class='ocrx_word' id='word_1_141' title='bbox 969 2731 1123 2811; x_wconf 84' lang='lat' dir='ltr'>quidem,</span> 
     </span>
     <span class='ocr_line' id='line_1_21' title="bbox 14 2813 1124 2897; baseline 0.002 -22"><span class='ocrx_word' id='word_1_142' title='bbox 14 2813 16 2826; x_wconf 92' lang='lat'>&#39;</span> <span class='ocrx_word' id='word_1_143' title='bbox 95 2817 120 2875; x_wconf 86' lang='lat' dir='ltr'>si</span> <span class='ocrx_word' id='word_1_144' title='bbox 148 2818 331 2889; x_wconf 86' lang='lat' dir='ltr'>volneris,</span> <span class='ocrx_word' id='word_1_145' title='bbox 367 2824 403 2876; x_wconf 92' lang='lat' dir='ltr'>et</span> <span class='ocrx_word' id='word_1_146' title='bbox 432 2835 627 2897; x_wconf 76' lang='lat' dir='ltr'>agnosces,</span> <span class='ocrx_word' id='word_1_147' title='bbox 663 2835 754 2896; x_wconf 87' lang='lat' dir='ltr'>quse</span> <span class='ocrx_word' id='word_1_148' title='bbox 792 2815 940 2876; x_wconf 89' lang='lat' dir='ltr'>sudisti.</span> <span class='ocrx_word' id='word_1_149' title='bbox 984 2815 1124 2882; x_wconf 74' lang='lat' dir='ltr'>uncant</span> 
     </span>
     <span class='ocr_line' id='line_1_22' title="bbox 95 2900 1124 2980; baseline 0 -19"><span class='ocrx_word' id='word_1_150' title='bbox 95 2920 154 2979; x_wconf 83' lang='lat' dir='ltr'>qua</span> <span class='ocrx_word' id='word_1_151' title='bbox 184 2901 309 2964; x_wconf 81' lang='lat' dir='ltr'>omisit</span> <span class='ocrx_word' id='word_1_152' title='bbox 337 2902 441 2973; x_wconf 82' lang='lat' dir='ltr'>Cato,</span> <span class='ocrx_word' id='word_1_153' title='bbox 473 2908 648 2980; x_wconf 81' lang='lat' dir='ltr'>sequente</span> <span class='ocrx_word' id='word_1_154' title='bbox 675 2901 899 2962; x_wconf 80' lang='lat' dir='ltr'>recitatione</span> <span class='ocrx_word' id='word_1_155' title='bbox 929 2900 1124 2979; x_wconf 79' lang='lat' dir='ltr'>Thyestes</span> 
     </span>
     <span class='ocr_line' id='line_1_23' title="bbox 94 2985 1125 3067; baseline 0.003 -23"><span class='ocrx_word' id='word_1_156' title='bbox 94 2987 194 3049; x_wconf 81' lang='lat' dir='ltr'>dicet.</span> <span class='ocrx_word' id='word_1_157' title='bbox 223 2989 323 3046; x_wconf 89' lang='lat' dir='ltr'>llenc</span> <span class='ocrx_word' id='word_1_158' title='bbox 345 2985 434 3046; x_wconf 80' lang='lat' dir='ltr'>enirn</span> <span class='ocrx_word' id='word_1_159' title='bbox 456 2985 684 3067; x_wconf 72' lang='lat' dir='ltr'>tragoediam</span> <span class='ocrx_word' id='word_1_160' title='bbox 707 2985 872 3066; x_wconf 84' lang='lat' dir='ltr'>disposui</span> <span class='ocrx_word' id='word_1_161' title='bbox 892 2986 957 3045; x_wconf 84' lang='lat' dir='ltr'>iam</span> <span class='ocrx_word' id='word_1_162' title='bbox 974 2985 1125 3047; x_wconf 87' lang='lat' dir='ltr'>etintra</span> 
     </span>
     <span class='ocr_line' id='line_1_24' title="bbox 94 3069 1124 3153; baseline 0.003 -25"><span class='ocrx_word' id='word_1_163' title='bbox 94 3089 139 3130; x_wconf 90' lang='lat' dir='ltr'>ne</span> <span class='ocrx_word' id='word_1_164' title='bbox 158 3073 237 3153; x_wconf 88' lang='lat' dir='ltr'>ipse</span> <span class='ocrx_word' id='word_1_165' title='bbox 258 3069 448 3131; x_wconf 82' lang='lat' dir='ltr'>formavi.“</span> <span class='ocrx_word' id='word_1_166' title='bbox 474 3071 512 3128; x_wconf 81' lang='lat' dir='ltr'>Et</span> <span class='ocrx_word' id='word_1_167' title='bbox 527 3070 580 3129; x_wconf 53' lang='grc' dir='ltr'>ΧΑ</span> <span class='ocrx_word' id='word_1_168' title='bbox 602 3069 791 3144; x_wconf 53' lang='lat' dir='ltr'>‚nummis</span> <span class='ocrx_word' id='word_1_169' title='bbox 808 3070 906 3132; x_wconf 80' lang='lat' dir='ltr'>-vis</span> <span class='ocrx_word' id='word_1_170' title='bbox 922 3069 1124 3151; x_wconf 80' lang='lat' dir='ltr'>pulcherrimae</span> 
     </span>
     <span class='ocr_line' id='line_1_25' title="bbox 95 3154 1124 3234; baseline -0.002 -18"><span class='ocrx_word' id='word_1_171' title='bbox 95 3163 205 3217; x_wconf 76' lang='lat' dir='ltr'>uatune</span> <span class='ocrx_word' id='word_1_172' title='bbox 226 3163 313 3226; x_wconf 86' lang='lat' dir='ltr'>tuae,</span> <span class='ocrx_word' id='word_1_173' title='bbox 344 3174 398 3214; x_wconf 86' lang='lat' dir='ltr'>nec</span> <span class='ocrx_word' id='word_1_174' title='bbox 419 3174 471 3234; x_wconf 89' lang='lat' dir='ltr'>pra</span> <span class='ocrx_word' id='word_1_175' title='bbox 492 3154 582 3214; x_wconf 81' lang='lat' dir='ltr'>emico</span> <span class='ocrx_word' id='word_1_176' title='bbox 603 3155 714 3234; x_wconf 85' lang='lat' dir='ltr'>aliquo,</span> <span class='ocrx_word' id='word_1_177' title='bbox 746 3155 812 3227; x_wconf 90' lang='lat' dir='ltr'>sed,</span> <span class='ocrx_word' id='word_1_178' title='bbox 838 3154 919 3234; x_wconf 79' lang='lat' dir='ltr'>quud</span> <span class='ocrx_word' id='word_1_179' title='bbox 939 3154 1124 3234; x_wconf 79' lang='lat' dir='ltr'>periculosius</span> 
     </span>
     <span class='ocr_line' id='line_1_26' title="bbox 14 3237 1124 3321; baseline 0.002 -23"><span class='ocrx_word' id='word_1_180' title='bbox 14 3303 16 3318; x_wconf 38' lang='grc' dir='ltr'>Ι</span> <span class='ocrx_word' id='word_1_181' title='bbox 95 3249 142 3311; x_wconf 91' lang='lat' dir='ltr'>est,</span> <span class='ocrx_word' id='word_1_182' title='bbox 162 3261 214 3321; x_wconf 88' lang='lat' dir='ltr'>pro</span> <span class='ocrx_word' id='word_1_183' title='bbox 237 3241 348 3299; x_wconf 85' lang='lat' dir='ltr'>Catone</span> <span class='ocrx_word' id='word_1_184' title='bbox 369 3238 499 3299; x_wconf 76' lang='lat' dir='ltr'>offendis.</span> <span class='ocrx_word' id='word_1_185' title='bbox 540 3240 601 3300; x_wconf 85' lang='lat' dir='ltr'>Nec</span> <span class='ocrx_word' id='word_1_186' title='bbox 622 3245 774 3298; x_wconf 87' lang='lat' dir='ltr'>excusatur</span> <span class='ocrx_word' id='word_1_187' title='bbox 793 3237 902 3299; x_wconf 77' lang='lat' dir='ltr'>offensa</span> <span class='ocrx_word' id='word_1_188' title='bbox 917 3239 1124 3300; x_wconf 85' lang='lat' dir='ltr'>necessitudine</span> 
     </span>
     <span class='ocr_line' id='line_1_27' title="bbox 95 3322 1125 3385; baseline 0.001 -3"><span class='ocrx_word' id='word_1_189' title='bbox 95 3323 175 3384; x_wconf 85' lang='lat' dir='ltr'>officii</span> <span class='ocrx_word' id='word_1_190' title='bbox 205 3330 258 3385; x_wconf 90' lang='lat' dir='ltr'>sut</span> <span class='ocrx_word' id='word_1_191' title='bbox 284 3322 341 3382; x_wconf 89' lang='lat' dir='ltr'>lide</span> <span class='ocrx_word' id='word_1_192' title='bbox 372 3323 565 3384; x_wconf 86' lang='lat' dir='ltr'>advocationis</span> <span class='ocrx_word' id='word_1_193' title='bbox 586 3329 636 3383; x_wconf 86' lang='lat' dir='ltr'>aut</span> <span class='ocrx_word' id='word_1_194' title='bbox 655 3322 790 3382; x_wconf 82' lang='lat' dir='ltr'>fortuitae</span> <span class='ocrx_word' id='word_1_195' title='bbox 812 3330 842 3383; x_wconf 89' lang='lat' dir='ltr'>et</span> <span class='ocrx_word' id='word_1_196' title='bbox 862 3324 973 3384; x_wconf 83' lang='lat' dir='ltr'>subitae</span> <span class='ocrx_word' id='word_1_197' title='bbox 994 3323 1125 3384; x_wconf 88' lang='lat' dir='ltr'>dictionis</span> 
     </span>
     <span class='ocr_line' id='line_1_28' title="bbox 93 3407 1124 3490; baseline 0.005 -24"><span class='ocrx_word' id='word_1_198' title='bbox 93 3407 206 3488; x_wconf 85' lang='lat' dir='ltr'>inpetu:</span> <span class='ocrx_word' id='word_1_199' title='bbox 237 3408 386 3468; x_wconf 80' lang='lat' dir='ltr'>meditatus</span> <span class='ocrx_word' id='word_1_200' title='bbox 406 3407 512 3470; x_wconf 82' lang='lat' dir='ltr'>rideris</span> <span class='ocrx_word' id='word_1_201' title='bbox 532 3407 656 3490; x_wconf 75' lang='lat' dir='ltr'>elegisse</span> <span class='ocrx_word' id='word_1_202' title='bbox 676 3427 826 3490; x_wconf 83' lang='lat' dir='ltr'>personam</span> <span class='ocrx_word' id='word_1_203' title='bbox 846 3409 998 3470; x_wconf 71' lang='lat' dir='ltr'>notabile·</span> <span class='ocrx_word' id='word_1_204' title='bbox 1013 3415 1043 3470; x_wconf 83' lang='lat' dir='ltr'>et</span> <span class='ocrx_word' id='word_1_205' title='bbox 1062 3427 1124 3470; x_wconf 80' lang='lat' dir='ltr'>cun</span> 
     </span>
     <span class='ocr_line' id='line_1_29' title="bbox 94 3491 445 3556; baseline 0.006 -4"><span class='ocrx_word' id='word_1_206' title='bbox 94 3494 259 3556; x_wconf 63' lang='lat' dir='ltr'>annositate</span> <span class='ocrx_word' id='word_1_207' title='bbox 280 3491 445 3555; x_wconf 86' lang='lat' dir='ltr'>dicturan.“</span> 
     </span>
    </p>
   </div>
   <div class='ocr_carea' id='block_1_6' title="bbox 492 3679 694 3692">
    <p class='ocr_par' dir='ltr' id='par_1_6' title="bbox 492 3679 694 3692">
     <span class='ocr_line' id='line_1_30' title="bbox 492 3679 694 3692; baseline -0.01 -2"><span class='ocrx_word' id='word_1_208' title='bbox 492 3679 694 3692; x_wconf 55' lang='lat'>*-</span> 
     </span>
    </p>
   </div>
   <div class='ocr_carea' id='block_1_7' title="bbox 359 3827 852 3890">
    <p class='ocr_par' dir='ltr' id='par_1_7' title="bbox 359 3827 852 3890">
     <span class='ocr_line' id='line_1_31' title="bbox 359 3827 852 3890; baseline 0.002 -1"><span class='ocrx_word' id='word_1_209' title='bbox 359 3827 655 3889; x_wconf 77' lang='lat' dir='ltr'>Dilllll&#39;l&#39;lllS</span> <span class='ocrx_word' id='word_1_210' title='bbox 697 3828 852 3890; x_wconf 68' lang='lat' dir='ltr'>nuno.</span> 
     </span>
    </p>
   </div>
   <div class='ocr_carea' id='block_1_8' title="bbox 14 3959 1125 4213">
    <p class='ocr_par' dir='ltr' id='par_1_8' title="bbox 14 3959 1125 4213">
     <span class='ocr_line' id='line_1_32' title="bbox 173 3959 1124 4043; baseline 0.004 -21"><span class='ocrx_word' id='word_1_211' title='bbox 173 3962 224 4022; x_wconf 88' lang='lat' dir='ltr'>Sic</span> <span class='ocrx_word' id='word_1_212' title='bbox 252 3962 374 4024; x_wconf 79' lang='lat' dir='ltr'>fabulam</span> <span class='ocrx_word' id='word_1_213' title='bbox 403 3961 564 4042; x_wconf 82' lang='lat' dir='ltr'>inscriptum</span> <span class='ocrx_word' id='word_1_214' title='bbox 585 3959 674 4021; x_wconf 82' lang='lat' dir='ltr'>fuisse</span> <span class='ocrx_word' id='word_1_215' title='bbox 696 3961 843 4035; x_wconf 81' lang='lat' dir='ltr'>existimo,</span> <span class='ocrx_word' id='word_1_216' title='bbox 878 3983 961 4043; x_wconf 77' lang='lat' dir='ltr'>quun</span> <span class='ocrx_word' id='word_1_217' title='bbox 982 3963 1039 4025; x_wconf 86' lang='lat' dir='ltr'>alin</span> <span class='ocrx_word' id='word_1_218' title='bbox 1059 3965 1124 4026; x_wconf 89' lang='lat' dir='ltr'>loco</span> 
     </span>
     <span class='ocr_line' id='line_1_33' title="bbox 14 4045 1125 4130; baseline 0.006 -26"><span class='ocrx_word' id='word_1_219' title='bbox 14 4127 15 4130; x_wconf 8' lang='grc' dir='ltr'><strong>Ἴ</strong></span> <span class='ocrx_word' id='word_1_220' title='bbox 93 4055 319 4108; x_wconf 81' lang='lat' dir='ltr'>commemoretur</span> <span class='ocrx_word' id='word_1_221' title='bbox 348 4047 471 4109; x_wconf 82' lang='lat' dir='ltr'>Materni</span> <span class='ocrx_word' id='word_1_222' title='bbox 498 4047 653 4118; x_wconf 84' lang='lat' dir='ltr'>Domitius,</span> <span class='ocrx_word' id='word_1_223' title='bbox 686 4045 743 4106; x_wconf 90' lang='lat' dir='ltr'>alio</span> <span class='ocrx_word' id='word_1_224' title='bbox 776 4048 900 4109; x_wconf 80' lang='lat' dir='ltr'>eiusdem</span> <span class='ocrx_word' id='word_1_225' title='bbox 925 4049 1017 4122; x_wconf 71' lang='lat' dir='ltr'>Nero,</span> <span class='ocrx_word' id='word_1_226' title='bbox 1054 4070 1125 4130; x_wconf 84' lang='lat' dir='ltr'>quus</span> 
     </span>
     <span class='ocr_line' id='line_1_34' title="bbox 92 4130 1122 4213; baseline 0.006 -23"><span class='ocrx_word' id='word_1_227' title='bbox 92 4130 158 4192; x_wconf 85' lang='lat' dir='ltr'>dnss</span> <span class='ocrx_word' id='word_1_228' title='bbox 187 4133 314 4196; x_wconf 73' lang='lat' dir='ltr'>diversa·</span> <span class='ocrx_word' id='word_1_229' title='bbox 339 4133 429 4194; x_wconf 81' lang='lat' dir='ltr'>luisse</span> <span class='ocrx_word' id='word_1_230' title='bbox 449 4137 644 4212; x_wconf 83' lang='lat' dir='ltr'>praetextatas</span> <span class='ocrx_word' id='word_1_231' title='bbox 667 4131 833 4212; x_wconf 86' lang='lat' dir='ltr'>opinantur,</span> <span class='ocrx_word' id='word_1_232' title='bbox 865 4151 922 4192; x_wconf 85' lang='lat' dir='ltr'>nen</span> <span class='ocrx_word' id='word_1_233' title='bbox 949 4141 1122 4213; x_wconf 85' lang='lat' dir='ltr'>reputantes,</span> 
     </span>
    </p>
   </div>
   <div class='ocr_carea' id='block_1_9' title="bbox 0 0 1390 4968">
    <p class='ocr_par' dir='ltr' id='par_1_9' title="bbox 0 0 1390 4968">
     <span class='ocr_line' id='line_1_35' title="bbox 0 0 1390 4968; baseline 0 0"><span class='ocrx_word' id='word_1_234' title='bbox 0 0 1390 4968; x_wconf 95' lang='lat' dir='ltr'> </span> 
     </span>
    </p>
   </div>
  </div>
 </body>
</html>
