2772 4968
6 543 7 616 i
95 555 189 618 geor,
211 535 325 598 verbum
347 535 530 610 simillimum,
552 536 572 596 i.
592 556 618 597 e.
639 535 764 596 detineto
784 554 835 594 uon
857 533 1037 616 delingenda,
1058 535 1129 596 acti·

6 629 8 688 i
95 641 126 682 vn
151 628 283 700 nnnrpnto
310 641 363 701 pro
383 621 512 702 pomino,
542 621 617 684 sicat
642 621 766 702 muniar.
809 619 879 680 ollio
909 619 1050 699 perversis
1077 621 1126 679 de·

6 775 7 783 ¹
94 705 218 786 lingenda
246 707 283 766 de
304 707 370 766 foco
399 706 495 767 acacia
522 707 622 786 qnibnr
648 705 704 766 snit
731 725 836 778 coeno,
868 703 1071 785 indnpalin,
1101 704 1128 764 ri

93 810 158 868 quoe
177 791 269 850 alio.“
312 791 395 858 Quae
417 791 594 865 coniectura,
622 811 674 870 per
694 811 726 850 nc
748 808 858 869 quoqne
878 807 975 870 parum
998 789 1129 868 probabi-

92 875 137 946 la,
166 895 282 956 proruas
303 876 425 949 corruit,
462 877 574 936 subiato
596 876 798 956 indapnlis,
829 875 905 956 quad
926 873 1012 933 Nonii
1039 875 1127 935 rerba

92 960 224 1020 damnant
248 956 322 1021 ‘Dc
351 961 466 1042 lignis
495 962 607 1022 videtur
636 959 802 1042 significare
833 959 926 1038 quod
955 958 996 1018 nd
1025 959 1128 1040 ligna

92 1044 234 1119 attinet,
267 1052 437 1124 qnantum
458 1066 502 1106 ex
524 1046 640 1127 lignis
671 1045 834 1104 indicare
863 1044 966 1115 licet,
998 1063 1070 1122 qaae
1097 1045 1126 1103 io
1186 1084 1193 1099 .

91 1127 149 1188 foco
170 1137 236 1189 nunt
255 1131 410 1202 collocata3
439 1150 530 1209 eaque
550 1131 662 1191 ratione
683 1130 712 1190 id
730 1129 855 1210 pertinet
875 1127 912 1190 nd
933 1127 1084 1208 donalia.
1119 1155 1134 1189 ι

597 1281 633 1342 ΙΙ.

164 1397 397 1480 Noninnp.131
423 1401 467 1460 ed.
489 1400 593 1461 Herc:
625 1397 865 1472 „Latiniente
892 1397 1011 1473 dictum,
1040 1399 1128 1463 ueluti

89 1482 232 1556 lutulente,
262 1505 280 1544 a
301 1485 382 1545 lotio.
425 1485 554 1546 Titinius
575 1483 605 1544 in
626 1485 719 1544 Vero:

134 1567 358 1658 Lotiolente,
392 1571 498 1642 flocci
521 1571 583 1640 fiet
604 1577 641 1640 et
664 1569 888 1639 cncniator.“

89 1667 172 1728 Varo
194 1672 293 1752 Steph.
325 1671 420 1756 Vnigo
439 1671 569 1730 Varro.
592 1705 634 1716 -
655 1668 734 1730 fiet.
769 1670 835 1730 Jun.
857 1671 939 1730 niet.
961 1706 1004 1717 -
1026 1693 1127 1732 cncu-

6 1823 7 1846 W
89 1751 188 1814 tator.
232 1757 305 1816 Cod.
335 1757 455 1836 Gnolph.
486 1757 575 1816 Mero.
606 1755 842 1816 cularcultor.
887 1755 953 1815 dan.
975 1777 1066 1838 marg.
1089 1779 1127 1817 cx
1192 1786 1196 1795 ·

89 1838 243 1900 coniectura
273 1841 488 1902 circulator.
531 1841 651 1899 Botiino
676 1839 836 1920 suspicatae
864 1846 923 1899 est:
956 1842 992 1900 L.
1015 1841 1036 1901 f.
1058 1842 1128 1902 siet

89 1923 157 1981 einr
184 1927 286 1985 cuins
308 1928 421 1998 uitro,
449 1932 482 1985 at
502 1945 595 2005 poena
615 1927 794 1984 moechorum
816 1925 1001 2006 intedigatur.
1045 1927 1126 1986 Faci-

88 2005 135 2065 lior
156 2015 184 2068 et
205 2012 315 2091 aptius,
347 2018 380 2070 ut
407 2012 473 2070 mihi
505 2011 632 2081 ridetur,
663 2010 732 2068 diod
760 2009 989 2070 cnlorcuitor
1017 2019 1127 2072 mutere

88 2094 172 2169 possis
192 2094 222 2154 in
245 2095 342 2155 cniei
364 2099 486 2156 enitor
507 2096 552 2156 vel
574 2093 645 2154 culi
667 2094 800 2169 cultor,
823 2101 855 2152 nt
870 2095 1127 2177 conuiciamoigni·

88 2174 180 2238 ficetur
208 2180 239 2240 in
273 2181 412 2241 hominem
444 2181 584 2240 ebriosum
616 2180 661 2241 uel
692 2179 895 2258 paederastam.
951 2181 1127 2260 Quamquam

6 2309 7 2314 ,
89 2262 190 2334 nescio,
222 2285 263 2324 on
285 2264 491 2325 defendendum
512 2265 551 2324 rit
572 2265 779 2335 cuculator,
812 2283 867 2342 quo
895 2265 1008 2325 nomiae
1029 2266 1126 2345 appel-

88 2343 134 2405 lari
152 2355 265 2427 potent,
288 2351 336 2428 qai
357 2371 467 2431 semper
489 2351 616 2424 cucnint,
638 2368 748 2428 semper
770 2348 868 2408 eadem
889 2356 1001 2428 crepat,
1025 2359 1056 2410 nt
1073 2352 1127 2410 hoc

89 2447 190 2510 qnoque
212 2453 267 2514 pro
289 2436 417 2496 convicio
439 2435 609 2514 accipietur,
642 2434 869 2513 quemadmodum
901 2435 1014 2514 saepius
1035 2437 1126 2495 cuculi

88 2517 191 2578 nomine
211 2519 259 2578 nui
281 2529 356 2579 sunt
408 2520 478 2580 Pari
497 2520 609 2580 ratione
629 2519 657 2578 ia
679 2519 767 2579 verbo
789 2517 1021 2590 Latialente‚
1051 2522 1127 2599 qaod

89 2598 128 2659 hic
148 2624 221 2676 noa,
255 2612 288 2662 nt
307 2605 396 2688 vulgo
418 2612 534 2684 pumat,
566 2624 617 2684 pro
644 2603 792 2674 adverbio,
824 2603 875 2662 ned
896 2623 948 2682 pro
976 2605 1126 2678 adiectivo,

88 2685 250 2750 mbutantiri
271 2690 335 2751 loco
357 2691 467 2770 ponito,
498 2690 654 2750 habendum
676 2689 801 2759 videtur,
834 2689 974 2749 contineri
1003 2690 1127 2748 arbitror

89 2773 253 2866 convicium,
276 2775 365 2853 qaod,
388 2775 505 2854 perinde
525 2783 558 2833 nt
578 2773 774 2847 intnlcnte,
803 2771 947 2854 significet
967 2774 1126 2847 sordide,

89 2871 233 2935 impure,
262 2877 420 2938 aequam.

164 3111 275 3172 Noniae
296 3121 324 3192 μ’.
338 3116 399 3174 157
420 3114 465 3173 ed.
486 3115 591 3173 Mera:
623 3103 888 3193 ,grauperavia
918 3113 1028 3185 idest,
1057 3133 1127 3193 pan·
1249 3151 1260 3176 .

90 3210 176 3269 peren
196 3195 277 3257 fccit.
299 3229 342 3242 -
367 3197 496 3258 Titinius
517 3230 560 3242 —
581 3197 609 3256 in
630 3197 720 3255 Varo:

530 3323 581 3334 -—
606 3281 774 3374 Aequum
797 3289 869 3370 cst,
896 3304 954 3353 me
976 3271 1124 3370 habere,

134 3379 238 3459 Quos
259 3370 456 3474 pciperem
477 3373 623 3475 sumptui
645 3388 774 3454 meo.“
795 3423 845 3436 —-

89 3477 175 3541 Vero
206 3484 275 3543 Jna.
314 3484 409 3566 Vulgo
442 3485 568 3546 Varro.
617 3485 716 3563 Steph.
748 3504 805 3544 non
837 3483 922 3545 hebet
951 3481 1051 3544 iocum.
1082 3515 1125 3532 ι·-

90 3563 179 3628 Quos
207 3569 304 3628 deberi
333 3570 444 3630 videtur
465 3571 564 3650 Lipsio
586 3569 732 3650 Epistolic.
755 3577 864 3650 quaest.
887 3570 936 3628 111.
960 3572 1009 3630 15.
1053 3569 1124 3644 Cod.¹

89 3648 200 3788 ¹[incipio.
224 3661 254 3712 et
275 3654 354 3727 edd,
383 3663 450 3714 ante
471 3655 558 3714 Marc.
581 3663 712 3726 curatae,
741 3673 811 3714 eos.
833 3687 875 3700 -
903 3651 947 3714 Cf.
969 3653 1126 3736 Privignac

100 3752 184 3816 rngm,
607 3744 616 3763 '

165 3922 327 4005 Ambigitnr
353 3925 389 3984 de
416 3925 509 3985 titulo.
545 3925 634 3984 Hndr.
663 3925 764 3984 Jnnins
798 3925 913 3984 Eicnch.
946 3929 1055 3984 auctor.
1088 3924 1125 3985 ad

90 3999 157 4066 Noa.
178 4029 204 4087 p.
219 4015 276 4082 21,
308 4009 375 4069 item
403 4011 439 4069 od
465 4009 596 4092 tregam.
623 4012 645 4068 1.
668 4012 703 4070 11.
746 4010 927 4069 Barathro
958 4007 1003 4069 uei
1036 4015 1123 4081 certe,

91 4087 123 4146 cd
141 4089 242 4174 fragm.
266 4095 318 4166 ΙΙ.,
346 4094 502 4156 Barbato
525 4095 726 4155 restituendum
749 4102 838 4175 putat.
878 4093 1010 4156 Tertium
1030 4095 1124 4154 iocum

91 4188 137 4232 nec
156 4175 185 4237 in
205 4179 331 4238 Eienciao
352 4199 406 4240 nec
427 4180 456 4239 ia
480 4181 610 4263 margine
631 4180 737 4262 tetigit.
779 4180 991 4240 Barathrum
1012 4179 1123 4239 titulum
