2790 4970
248 489 302 551 ire
329 488 381 550 ad.
421 487 489 552 Par.
521 489 636 552 adira.
678 491 817 554 romae
842 489 1021 552 scr-ibendum
1047 492 1149 554 odire
1173 493 1229 566 ad,
1256 500 1286 554 ut

245 574 386 676 liquescat
406 575 636 636 Fluctnatim.
659 609 702 622 --
721 577 900 657 Accipite.
927 577 991 638 ΑΜ.
1014 579 1082 638 Bes.
1103 579 1203 658 Steph.
1224 579 1286 638 Juo.

247 679 455 805 iliiiinednma
466 661 575 806 'liduite
582 667 646 832 ttcug‘
652 661 875 808 mliiitusrdiPhss
884 661 950 808 Ἦ.
961 669 1115 808 stuergtilnedi
1136 665 1286 810 tiildthindd

247 829 400 892 sustine.
427 863 471 876 ·-
502 831 622 890 Bothius
643 833 784 911 explicat:
815 831 939 904 „Tene
952 827 1070 894 'videtur
1090 833 1189 894 ratem
1209 833 1289 894 Tene

247 935 300 974 reu
322 915 445 976 Contine
466 922 511 990 te,
534 917 628 980 Tace.
669 917 764 977 Verbo
790 917 961 998 Accipite
989 919 1056 978 hoc
1085 919 1177 980 servis
1199 917 1288 978 ‹dcun-

247 1005 311 1071 tur,
333 1002 433 1080 quibus
454 999 501 1061 ido
523 1009 621 1083 togam
642 1001 730 1061 tradit
749 1003 795 1063 vei
815 1003 943 1082 pallium,
965 1009 998 1063 ut
1019 1003 1180 1084 expeditior
1200 1003 1236 1062 sit
1255 1001 1288 1062 ad

246 1105 383 1166 pugnam.
434 1085 479 1144 ef.
507 1087 628 1168 interpp.
656 1087 778 1147 Terent.
807 1087 844 1146 ad
870 1089 943 1147 Eun.
966 1096 1000 1160 4,
1022 1097 1058 1159 6,
1082 1097 1133 1149 31.
1183 1089 1287 1170 Tege,

248 1169 369 1229 deiende
404 1175 484 1230 me.“
541 1171 714 1232 Crediderim
746 1171 858 1251 potius,
890 1172 1064 1234 meretricem
1096 1174 1168 1233 hoec
1200 1174 1288 1233 dicere

248 1255 374 1327 ancillis,
404 1274 437 1315 re
464 1264 624 1336 parantem,
655 1264 688 1316 nt
714 1257 859 1337 splendido
888 1265 990 1317 ornatu
1018 1265 1172 1318 amatorem
1195 1278 1288 1319 conre-

247 1340 323 1411 niat3
356 1360 429 1422 quoe
451 1341 547 1420 opinio
577 1340 643 1400 mitri
666 1341 749 1402 etiarn
770 1340 956 1421 inscriptione
976 1343 1107 1424 Pompa
1128 1341 1233 1402 firmari
1252 1343 1289 1406 vi-

248 1424 341 1484 detur.
382 1425 465 1505 Apud
487 1425 655 1489 Terentium
677 1427 781 1488 fleant.
803 1427 851 1487 lv.
871 1434 900 1488 4.
924 1433 965 1488 17
991 1427 1134 1488 meretrici
1155 1428 1224 1490 haec
1251 1428 1289 1486 di·

248 1518 367 1569 cuntur:
397 1511 638 1584 „Transeundum
660 1532 738 1586 nunc
756 1512 807 1572 tibi
828 1512 864 1574 ad
886 1513 1079 1572 Menedemum
1104 1519 1165 1586 est,
1198 1520 1227 1574 et
1246 1519 1289 1570 tua

248 1614 350 1676 pompa
372 1615 407 1655 eo
428 1595 603 1658 traducendo
623 1602 702 1658 est.“

679 1745 884 1760 Μ

627 1847 652 1908 Ρ
679 1849 707 1907 R
734 1849 746 1907 Ι
773 1849 803 1908 Μ
830 1849 858 1909 U
884 1849 916 1908 S.

333 1967 397 2027 Vid.
418 1967 516 2028 Promi
537 1965 641 2050 fragm.
663 1966 715 2026 ΙΙΙ.

670 2117 875 2134 *un-

577 2219 964 2284 privinnae.

333 2458 443 2520 Nonius
464 2467 525 2552 ppt
547 2458 591 2520 ed.
607 2459 715 2520 Moror
742 2457 939 2530 „Velitatin
962 2457 1065 2520 dictur
1085 2457 1159 2520 levis
1178 2464 1289 2518 anuo

249 2545 306 2621 tio,
328 2546 403 2606 dictu
424 2565 463 2606 ax
483 2543 689 2626 congressione
709 2544 833 2608 venun.
864 2575 904 2588 --
931 2541 1068 2604 Afranius
1087 2543 1118 2606 iu
1140 2544 1288 2625 Priuigno:

315 2678 320 2688 ·
349 2688 403 2704 ·-·
426 2647 576 2717 Intarca
601 2647 713 2716 verba
739 2647 877 2714 iactare
898 2645 938 2714 et
963 2645 1075 2715 labris

298 2749 401 2821 Inter
426 2771 467 2819 se
489 2739 650 2835 velitriri,
684 2738 942 2817 velificdrier.“

249 2867 437 2949 Priuigno.
467 2865 538 2925 Ven.
556 2867 576 2924 1.
592 2867 628 2924 ΙΙ.
655 2865 719 2924 Ald.
742 2866 830 2924 Merc.
853 2865 1037 2945 privigna.
1060 2897 1103 2910 -
1126 2872 1161 2925 et
1182 2861 1287 2924 labris

250 2956 351 3013 luter
371 2972 418 3011 se.
448 2950 564 3029 Lipsius
587 2950 696 3010 Verior.
719 2950 784 3010 lect.
806 2949 854 3008 lii.
880 2957 918 3012 15
941 2950 1039 3008 inter
1060 2969 1099 3008 se
1121 2958 1157 3009 et
1178 2947 1286 3008 lobiis.

248 3071 292 3084 -
314 3035 478 3107 velitari,
505 3035 749 3096 velificarier.
798 3034 928 3113 Lipsius,
957 3054 1051 3114 aquo
1075 3056 1132 3093 non
1156 3035 1288 3110 discrepet

249 3123 383 3194 Bothius,
411 3120 569 3181 velitari.
614 3121 714 3180 Carrio
737 3121 895 3178 Emendutt.
919 3119 953 3178 11.
978 3125 1033 3190 16,
1061 3120 1200 3198 probante
1220 3119 1287 3176 Mer·

249 3209 342 3282 cerie,
373 3205 576 3267 velitarier.
630 3206 732 3264 Carrio
761 3203 847 3276 dicit,
880 3205 909 3263 in
937 3205 1079 3265 codicibus
1112 3213 1142 3263 ct
1176 3200 1286 3279 antiquis

250 3291 420 3356 editionibus
446 3311 504 3350 nan
527 3289 646 3372 reperiri
666 3288 912 3364 velificarier3
947 3289 1022 3368 quod
1043 3309 1141 3349 verum
1163 3308 1218 3347 non
1240 3291 1285 3344 est.

248 3376 369 3439 Botirius
398 3395 461 3435 cum
487 3375 628 3434 Mercerio
656 3375 820 3436 vocabulum
849 3395 901 3454 pro
923 3375 1157 3455 interpretatione
1185 3370 1285 3449 accipit.

250 3463 385 3542 Equidem
407 3480 464 3519 nan
485 3460 633 3542 intelligo,
665 3459 712 3538 qui
734 3460 788 3518 hoc
807 3460 974 3520 vocobulum
997 3479 1034 3518 ex
1061 3456 1286 3540 interpretatione

250 3549 320 3608 oriri
341 3545 479 3627 potuerit3
511 3554 541 3604 et
561 3564 660 3605 versus
682 3544 764 3604 tertis
786 3552 846 3616 est,
874 3550 952 3603 recte
974 3564 1006 3604 se
1026 3543 1131 3603 habere
1152 3543 1285 3622 vulgatam

250 3633 411 3695 lectionem.
443 3628 693 3702 Velit'icarier,
715 3630 779 3690 vela
799 3629 961 3701 intendere,
983 3649 1023 3688 sc.
1045 3627 1075 3687 in
1096 3625 1285 3691 adversarium,

156 3741 160 3750 ·
252 3717 445 3782 advusuiun
466 3708 643 3800 dppugnare.

758 3849 794 3910 11.

334 3969 445 4034 Nonius
467 3991 494 4054 p.
508 3976 547 4032 21
571 3969 616 4029 ed.
637 3969 742 4028 Merc:
774 3967 929 4040 „caries
956 3973 1001 4030 est
1026 3973 1153 4029 vetustus
1179 3962 1222 4026 rei
1240 3977 1283 4057 pu·

252 4059 376 4146 trdogo3
405 4054 482 4116 unde
508 4054 689 4115 curiceum
715 4059 828 4114 veteres
853 4053 998 4114 dixerunt.
1026 4085 1071 4098 -
1101 4049 1233 4111 Afranius
1258 4061 1283 4101 m

251 4143 407 4225 rengno:
523 4177 525 4182 -
640 4167 643 4176 ,
