2824 4966
1102 353 1148 430 ll

3 575 5 602 .
101 535 205 598 terea
246 524 578 616 hagieooomoedia
620 547 797 620 nusquam
839 549 863 598 a
905 527 1151 617 grammaticis

100 635 423 712 commemoratur,
450 627 596 718 saepius
617 627 743 698 iahnla
764 625 1021 702 Rhinthonica.
1058 625 1151 702 Pro·

1 769 6 792 .
102 730 163 800 cul
189 729 301 800 dnbio
334 735 472 798 tantum
498 725 653 800 Plautus
686 731 764 820 ipse
797 751 878 800 cum
911 729 1149 820 paucissimis,

103 839 178 923 quo
210 831 367 921 pertinet
398 829 569 902 Lutatius
602 829 873 925 scholiasta³²t,
914 831 978 902 illo
1004 833 1149 904 nomine

101 931 181 1002 hoo
194 933 402 1002 luhrrlarum
418 953 535 1023 genus
552 933 797 1022 appellarunt3
823 933 1050 1024 grammatici
1064 957 1148 1006 cou-

100 1035 372 1120 conannas,
399 1035 445 1102 ab
473 1034 630 1104 numeris
655 1034 799 1104 nomine
825 1035 1037 1121 deductum,
1063 1037 1146 1107 reti-

100 1143 270 1206 nuerunt.
321 1133 476 1206 Accedit
500 1135 591 1220 huc,
617 1138 714 1227 quod
741 1137 849 1206 etiarn
874 1133 1035 1208 Rhintho
1057 1137 1147 1208 Am·

100 1235 333 1328 phitpuouem
359 1237 636 1329 composuitss),
663 1259 771 1328 quarn
791 1238 953 1310 luhulatn
973 1233 1147 1311 Plautum

102 1340 329 1428 expressisse
356 1339 512 1408 maxime
534 1349 590 1408 est
610 1340 809 1428 probabile.
861 1337 1055 1430 Sophoclis
1069 1339 1146 1431 qui'·

102 1441 185 1509 dem
209 1439 528 1532 Amphitruonem,
555 1441 601 1512 ab
628 1440 707 1510 eins
732 1440 985 1533 scholiastae)
1012 1448 1048 1510 et
1070 1441 1144 1512 He-

102 1541 288 1636 sychioiit
316 1549 568 1628 memoratam,
609 1549 752 1632 poetam
777 1540 1003 1614 Sarsinatem
1029 1542 1145 1612 imita·

100 1653 179 1712 turn
211 1665 313 1724 esse,
353 1643 390 1712 in
423 1641 529 1712 istam
555 1642 761 1733 opinionem
788 1665 895 1714 nemo
921 1663 1031 1713 sanus
1057 1644 1144 1714 inci·

101 1743 183 1831 det;
216 1752 253 1814 et
278 1767 326 1814 ex
350 1743 528 1835 Archippi
553 1744 817 1836 Amphitruone
842 1740 1014 1816 Plautum
1038 1767 1143 1817 suam

99 1845 263 1916 fabulam
287 1846 438 1930 secisse,
478 1846 537 1915 vel
563 1865 754 1938 propterea
778 1869 850 1916 nou
876 1848 1005 1934 credo,
1045 1849 1142 1938 qnod

99 1945 308 2038 Archippus
333 1947 468 2017 veteris
493 1951 706 2020 comoediae
731 1955 839 2039 poeta
856 1949 944 2035 fuit,
971 1950 1142 2040 quodque

99 2069 250 2135 versus,
290 2071 339 2118 ex
365 2049 444 2122 eius
469 2047 734 2140 Amphitruone
760 2049 913 2135 servati,
955 2049 993 2118 in
1018 2045 1144 2122 Plauti

97 2151 228 2240 fabula
248 2151 414 2240 expressi
433 2171 504 2220 non
521 2151 758 2241 reperiuntur.
811 2149 1042 2242 Quemquam
1067 2173 1142 2222 nou

98 2253 277 2322 adversor
315 2249 495 2322 Meinekii
534 2250 809 2346 sententiaeffi),
852 2251 917 2323 vix
957 2251 1142 2324 diversum

1 2355 2 2358 ’
96 2353 216 2424 fauce
231 2353 407 2443 Archippi
432 2354 580 2424 fabulae
606 2361 855 2446 argumentum
881 2355 927 2422 ah
954 2375 1017 2441 eo,
1043 2355 1141 2446 quod

97 2453 255 2526 Plautus
272 2456 309 2524 iu
324 2477 392 2526 sua
405 2456 530 2526 fabula
543 2457 721 2528 tractavit.
755 2455 844 2526 Alio
861 2462 998 2526 tautum
1016 2457 1138 2542 modo,

99 2577 194 2649 qnae
235 2566 314 2626 erat
352 2555 486 2626 veteris
519 2559 735 2627 comoediae
762 2557 873 2642 ratio,
913 2557 1139 2647 Archippum

99 2659 253 2728 eandem
284 2680 361 2728 ram
393 2659 640 2730 conformasse
673 2657 845 2746 arhitror,
886 2669 993 2749 atque
1024 2655 1137 2728 Rhin-

98 2759 247 2830 thouem
273 2760 421 2851 eiusque
447 2760 681 2841 imitatorem,
712 2756 894 2830 Plautum.
952 2759 1012 2830 Ac
1036 2759 1138 2830 vitle-
1263 2769 1268 2778 '

98 2869 159 2932 tur
204 2881 293 2930 sane
341 2870 378 2930 et
422 2859 630 2951 Archippus
677 2861 749 2932 iam
798 2859 997 2932 Rhinthoni
1039 2861 1138 2932 viam

95 2963 259 3032 munisse
305 2969 342 3032 et
386 2961 551 3032 Alcaeus
596 2984 679 3032 cum
719 2961 1002 3047 Anaxandride,
1049 2983 1138 3053 quo-

95 3087 179 3134 ram
228 3063 415 3156 utriusque
461 3058 826 3160 Kwprprloepayqalc‘o
879 3061 1137 3134 commemora·

96 3163 226 3260 tur⁵⁷=).
271 3163 411 3236 'Minus
450 3187 540 3235 vero
580 3165 688 3234 etiam
728 3165 962 3254 probabiliter
999 3171 1138 3236 statuas

95 3288 185 3338 cum
216 3265 314 3357 Aug.
350 3263 449 3338 Gon.
484 3263 748 3362 scntegettoffl)
785 3287 833 3336 ex
865 3266 985 3337 verbis
1018 3263 1137 3338 Hora·

94 3487 126 3544 iu
143 3484 291 3544 ridiculum
305 3485 449 3556 detortae,
471 3483 526 3544 iau
547 3505 604 3544 non
626 3485 888 3566 sunt-tragoediae.
931 3483 1060 3563 lienique
1081 3503 1138 3544 uon

94 3570 262 3630 necessario
289 3589 360 3650 opus
388 3577 465 3640 arat,
499 3576 532 3628 ot
551 3570 669 3630 aliorum
689 3569 800 3630 lahnius
820 3569 874 3630 sihi
896 3567 1138 3630 haurlornondnr

91 3661 236 3726 sumeret,
269 3655 351 3713 nodo
372 3674 419 3713 res
440 3653 567 3735 tragicas
587 3654 704 3716 ridiculo
733 3655 814 3714 modo
841 3661 1074 3734 repraesentaret.
1095 3683 1138 3696 -

91 3737 154 3818 52)
178 3737 214 3798 at
228 3739 312 3798 Statii
328 3739 421 3798 Theh.
445 3737 477 3796 V.
493 3747 562 3800 160.
584 3771 627 3786 -
649 3738 703 3820 53)
725 3739 872 3799 Laudatur
885 3734 1053 3797 llhiolhon'is
1072 3737 1137 3794 Arn-

88 3825 211 3904 phitruo
232 3823 267 3882 uh
283 3823 429 3882 Athenaeo
452 3823 500 3882 lll.
523 3844 550 3902 p.
567 3827 639 3883 111ἰ
661 3843 701 3895 a,
724 3825 807 3884 nullis
829 3833 921 3883 maren
943 3841 982 3882 ex
1004 3841 1038 3882 ea
1059 3819 1137 3878 addi-

89 3909 132 3968 tis
155 3908 260 3968 verbis
282 3941 325 3954 —
347 3905 401 3987 51)
425 3908 460 3967 el
476 3908 546 3967 0ed.
564 3908 626 3966 Col.
640 3917 712 3970 383.
734 3941 777 3956 ·-
799 3909 854 3990 55)
875 3929 921 3970 vr.
938 3899 1139 3986 Ἀμφιτίρ-

87 4011 175 4072 μως
195 3984 576 4074 οῒἈτραυμάτιστον.
598 4025 641 4038 -
668 3991 722 4072 56)
745 3994 864 4060 Quaem
886 4011 963 4054 man.
987 3989 1025 4048 il.
1045 4009 1072 4067 p.
1085 3994 1137 4050 47.

88 4111 135 4124 -
159 4076 217 4158 57)
239 4077 302 4139 vit.
323 4077 448 4136 hlaineit.
470 4077 588 4144 Quaeri.
611 4097 688 4137 scen
711 4079 747 4137 ll.
769 4101 798 4157 p.
813 4085 863 4142 63.
885 4109 926 4124 ·-
955 4071 1012 4155 68)
1039 4074 1139 4134 Vorlc·

87 4181 208 4244 surgon
230 4161 318 4222 acher
339 4162 427 4222 uram.
445 4161 541 4221 Koust
560 4161 701 4223 nndLitt.
724 4164 765 4222 T.
778 4164 802 4223 1.
823 4185 851 4243 p.
869 4171 929 4225 313
952 4158 998 4220 etl.
1020 4158 1119 4240 Upral.

873 4261 895 4324 2
