<?xml version="1.0" encoding="UTF-8"?>
<!DOCTYPE html PUBLIC "-//W3C//DTD XHTML 1.0 Transitional//EN"
    "http://www.w3.org/TR/xhtml1/DTD/xhtml1-transitional.dtd">
<html xmlns="http://www.w3.org/1999/xhtml" xml:lang="en" lang="en">
 <head>
  <title>
</title>
<meta http-equiv="Content-Type" content="text/html;charset=utf-8" />
  <meta name='ocr-system' content='tesseract 3.04.00' />
  <meta name='ocr-capabilities' content='ocr_page ocr_carea ocr_par ocr_line ocrx_word'/>
</head>
<body>
  <div class='ocr_page' id='page_1' title='image "./defabulatogatar00neukgoog_0021.png"; bbox 0 0 2824 4966; ppageno 0'>
   <div class='ocr_carea' id='block_1_1' title="bbox 222 324 252 402">
    <p class='ocr_par' dir='ltr' id='par_1_1' title="bbox 222 324 252 402">
     <span class='ocr_line' id='line_1_1' title="bbox 222 324 252 402; baseline 0 0"><span class='ocrx_word' id='word_1_1' title='bbox 222 324 252 402; x_wconf 84' lang='lat' dir='ltr'><strong>a</strong></span> 
     </span>
    </p>
   </div>
   <div class='ocr_carea' id='block_1_2' title="bbox 219 496 1313 1106">
    <p class='ocr_par' dir='ltr' id='par_1_2' title="bbox 219 496 1313 1106">
     <span class='ocr_line' id='line_1_2' title="bbox 223 496 1268 596; baseline -0.003 -22"><span class='ocrx_word' id='word_1_2' title='bbox 223 499 346 596; x_wconf 81' lang='lat' dir='ltr'><strong>paullo</strong></span> <span class='ocrx_word' id='word_1_3' title='bbox 370 504 465 572; x_wconf 78' lang='lat' dir='ltr'><strong>ante</strong></span> <span class='ocrx_word' id='word_1_4' title='bbox 495 497 546 572; x_wconf 78' lang='lat' dir='ltr'><strong>de</strong></span> <span class='ocrx_word' id='word_1_5' title='bbox 575 496 648 574; x_wconf 80' lang='lat' dir='ltr'><strong>illis</strong></span> <span class='ocrx_word' id='word_1_6' title='bbox 680 498 911 590; x_wconf 59' lang='lat' dir='ltr'><strong>exposuerim</strong></span> <span class='ocrx_word' id='word_1_7' title='bbox 948 506 988 576; x_wconf 85' lang='lat' dir='ltr'><strong>nt</strong></span> <span class='ocrx_word' id='word_1_8' title='bbox 1018 497 1140 592; x_wconf 77' lang='lat' dir='ltr'><strong>prim</strong></span> <span class='ocrx_word' id='word_1_9' title='bbox 1171 497 1268 587; x_wconf 88' lang='lat' dir='ltr'><strong>loco,</strong></span> 
     </span>
     <span class='ocr_line' id='line_1_3' title="bbox 224 601 1268 694; baseline -0.013 -8"><span class='ocrx_word' id='word_1_10' title='bbox 224 611 266 686; x_wconf 81' lang='lat' dir='ltr'><strong>ul</strong></span> <span class='ocrx_word' id='word_1_11' title='bbox 289 601 466 690; x_wconf 76' lang='lat' dir='ltr'><strong>adnm,</strong></span> <span class='ocrx_word' id='word_1_12' title='bbox 505 601 763 694; x_wconf 58' lang='lat' dir='ltr'><strong>mammosam</strong></span> <span class='ocrx_word' id='word_1_13' title='bbox 794 625 867 676; x_wconf 89' lang='lat' dir='ltr'><strong>nou</strong></span> <span class='ocrx_word' id='word_1_14' title='bbox 899 602 1046 694; x_wconf 83' lang='lat' dir='ltr'><strong>proprie</strong></span> <span class='ocrx_word' id='word_1_15' title='bbox 1079 601 1125 672; x_wconf 92' lang='lat' dir='ltr'><strong>de</strong></span> <span class='ocrx_word' id='word_1_16' title='bbox 1157 601 1268 672; x_wconf 92' lang='lat' dir='ltr'><strong>mimo</strong></span> 
     </span>
     <span class='ocr_line' id='line_1_4' title="bbox 225 703 1269 798; baseline -0.004 -20"><span class='ocrx_word' id='word_1_17' title='bbox 225 704 402 798; x_wconf 82' lang='lat' dir='ltr'><strong>loquitur,</strong></span> <span class='ocrx_word' id='word_1_18' title='bbox 441 704 509 776; x_wconf 85' lang='lat' dir='ltr'><strong>sed</strong></span> <span class='ocrx_word' id='word_1_19' title='bbox 540 705 587 777; x_wconf 87' lang='lat' dir='ltr'><strong>de</strong></span> <span class='ocrx_word' id='word_1_20' title='bbox 618 703 831 795; x_wconf 82' lang='lat' dir='ltr'><strong>planipeda,</strong></span> <span class='ocrx_word' id='word_1_21' title='bbox 873 726 981 798; x_wconf 84' lang='lat' dir='ltr'><strong>quem</strong></span> <span class='ocrx_word' id='word_1_22' title='bbox 1020 704 1269 774; x_wconf 85' lang='lat' dir='ltr'><strong>tantummodo</strong></span> 
     </span>
     <span class='ocr_line' id='line_1_5' title="bbox 226 803 1270 897; baseline 0.002 -17"><span class='ocrx_word' id='word_1_23' title='bbox 226 803 373 888; x_wconf 69' lang='lat' dir='ltr'><strong>anama</strong></span> <span class='ocrx_word' id='word_1_24' title='bbox 403 805 552 884; x_wconf 59' lang='lat' dir='ltr'><strong>mum</strong></span> <span class='ocrx_word' id='word_1_25' title='bbox 584 805 760 897; x_wconf 85' lang='lat' dir='ltr'><strong>appellari</strong></span> <span class='ocrx_word' id='word_1_26' title='bbox 791 806 889 882; x_wconf 84' lang='lat' dir='ltr'><strong>dicit.</strong></span> <span class='ocrx_word' id='word_1_27' title='bbox 946 803 1008 880; x_wconf 79' lang='lat' dir='ltr'><strong>Ila</strong></span> <span class='ocrx_word' id='word_1_28' title='bbox 1039 805 1270 896; x_wconf 71' lang='lat' dir='ltr'>pantomimis</span> 
     </span>
     <span class='ocr_line' id='line_1_6' title="bbox 219 906 1313 1000; baseline 0.001 -20"><span class='ocrx_word' id='word_1_29' title='bbox 219 908 286 980; x_wconf 75' lang='lat' dir='ltr'><strong>&#39;uio</strong></span> <span class='ocrx_word' id='word_1_30' title='bbox 310 929 515 986; x_wconf 78' lang='lat' dir='ltr'><strong>sermonem</strong></span> <span class='ocrx_word' id='word_1_31' title='bbox 539 929 613 982; x_wconf 91' lang='lat' dir='ltr'><strong>noa</strong></span> <span class='ocrx_word' id='word_1_32' title='bbox 639 930 739 992; x_wconf 85' lang='lat' dir='ltr'><strong>csse,</strong></span> <span class='ocrx_word' id='word_1_33' title='bbox 766 908 878 986; x_wconf 81' lang='lat' dir='ltr'><strong>etiam</strong></span> <span class='ocrx_word' id='word_1_34' title='bbox 904 930 953 984; x_wconf 82' lang='lat' dir='ltr'><strong>ax</strong></span> <span class='ocrx_word' id='word_1_35' title='bbox 973 906 1097 980; x_wconf 81' lang='lat' dir='ltr'><strong>verbis</strong></span> <span class='ocrx_word' id='word_1_36' title='bbox 1115 927 1270 1000; x_wconf 84' lang='lat' dir='ltr'><strong>sequen·-</strong></span> <span class='ocrx_word' id='word_1_37' title='bbox 1310 985 1313 990; x_wconf 69' lang='grc'>,</span> 
     </span>
     <span class='ocr_line' id='line_1_7' title="bbox 226 1002 1271 1106; baseline 0.002 -24"><span class='ocrx_word' id='word_1_38' title='bbox 226 1011 514 1104; x_wconf 55' lang='grc'>1111111111-</span> <span class='ocrx_word' id='word_1_39' title='bbox 535 1007 699 1096; x_wconf 83' lang='lat' dir='ltr'><strong>„Mimus</strong></span> <span class='ocrx_word' id='word_1_40' title='bbox 718 1010 836 1084; x_wconf 85' lang='lat' dir='ltr'><strong>(lictus</strong></span> <span class='ocrx_word' id='word_1_41' title='bbox 860 1003 963 1106; x_wconf 73' lang='grc' dir='ltr'><em>παρὰ</em></span> <span class='ocrx_word' id='word_1_42' title='bbox 987 1002 1031 1084; x_wconf 83' lang='grc' dir='ltr'><strong>τὸ</strong></span> <span class='ocrx_word' id='word_1_43' title='bbox 1055 1006 1271 1102; x_wconf 62' lang='lat' dir='ltr'><strong>pomata,</strong></span> 
     </span>
    </p>
   </div>
   <div class='ocr_carea' id='block_1_3' title="bbox 224 1110 1358 3576">
    <p class='ocr_par' dir='ltr' id='par_1_3' title="bbox 224 1110 1358 3576">
     <span class='ocr_line' id='line_1_8' title="bbox 226 1110 1272 1205; baseline -0.001 -19"><span class='ocrx_word' id='word_1_44' title='bbox 226 1111 332 1205; x_wconf 87' lang='lat' dir='ltr'><strong>quasi</strong></span> <span class='ocrx_word' id='word_1_45' title='bbox 363 1113 466 1182; x_wconf 83' lang='lat' dir='ltr'><strong>solus</strong></span> <span class='ocrx_word' id='word_1_46' title='bbox 497 1111 674 1195; x_wconf 83' lang='lat' dir='ltr'><strong>imitetur,</strong></span> <span class='ocrx_word' id='word_1_47' title='bbox 713 1133 824 1204; x_wconf 86' lang='lat' dir='ltr'><strong>quum</strong></span> <span class='ocrx_word' id='word_1_48' title='bbox 858 1118 895 1190; x_wconf 87' lang='lat' dir='ltr'><strong>et</strong></span> <span class='ocrx_word' id='word_1_49' title='bbox 933 1110 1028 1186; x_wconf 87' lang='lat' dir='ltr'><strong>alia</strong></span> <span class='ocrx_word' id='word_1_50' title='bbox 1059 1117 1272 1202; x_wconf 76' lang='lat' dir='ltr'><strong>poemata</strong></span> 
     </span>
     <span class='ocr_line' id='line_1_9' title="bbox 225 1211 1271 1306; baseline -0.002 -20"><span class='ocrx_word' id='word_1_51' title='bbox 225 1214 324 1288; x_wconf 85' lang='lat' dir='ltr'><strong>idem</strong></span> <span class='ocrx_word' id='word_1_52' title='bbox 347 1213 514 1303; x_wconf 61' lang='lat' dir='ltr'><strong>tanam</strong></span> <span class='ocrx_word' id='word_1_53' title='bbox 534 1214 600 1286; x_wconf 89' lang='lat' dir='ltr'><strong>sod</strong></span> <span class='ocrx_word' id='word_1_54' title='bbox 624 1214 726 1288; x_wconf 82' lang='lat' dir='ltr'><strong>solus</strong></span> <span class='ocrx_word' id='word_1_55' title='bbox 751 1213 855 1306; x_wconf 81' lang='lat' dir='ltr'><strong>quasi</strong></span> <span class='ocrx_word' id='word_1_56' title='bbox 880 1211 1071 1306; x_wconf 68' lang='lat' dir='ltr'><strong>privlleglo</strong></span> <span class='ocrx_word' id='word_1_57' title='bbox 1098 1212 1271 1304; x_wconf 86' lang='lat' dir='ltr'><strong>quodam,</strong></span> 
     </span>
     <span class='ocr_line' id='line_1_10' title="bbox 224 1313 1272 1410; baseline 0.002 -24"><span class='ocrx_word' id='word_1_58' title='bbox 224 1315 322 1410; x_wconf 86' lang='lat' dir='ltr'><strong>qnod</strong></span> <span class='ocrx_word' id='word_1_59' title='bbox 337 1315 409 1388; x_wconf 88' lang='lat' dir='ltr'><strong>fuit</strong></span> <span class='ocrx_word' id='word_1_60' title='bbox 424 1337 626 1403; x_wconf 81' lang='lat' dir='ltr'><strong>commune,</strong></span> <span class='ocrx_word' id='word_1_61' title='bbox 650 1315 857 1407; x_wconf 81' lang='lat' dir='ltr'><strong>possedit.“</strong></span> <span class='ocrx_word' id='word_1_62' title='bbox 906 1313 1038 1406; x_wconf 85' lang='lat' dir='ltr'><strong>Neque</strong></span> <span class='ocrx_word' id='word_1_63' title='bbox 1062 1313 1160 1388; x_wconf 80' lang='lat' dir='ltr'><strong>enim</strong></span> <span class='ocrx_word' id='word_1_64' title='bbox 1183 1335 1272 1404; x_wconf 85' lang='lat' dir='ltr'><strong>pan·</strong></span> 
     </span>
     <span class='ocr_line' id='line_1_11' title="bbox 225 1414 1277 1514; baseline -0.001 -25"><span class='ocrx_word' id='word_1_65' title='bbox 225 1417 397 1492; x_wconf 87' lang='lat' dir='ltr'><strong>tomimus</strong></span> <span class='ocrx_word' id='word_1_66' title='bbox 429 1422 485 1490; x_wconf 87' lang='lat' dir='ltr'><strong>est</strong></span> <span class='ocrx_word' id='word_1_67' title='bbox 516 1423 647 1509; x_wconf 69' lang='lat' dir='ltr'><strong>poema</strong></span> <span class='ocrx_word' id='word_1_68' title='bbox 655 1414 716 1514; x_wconf 72' lang='lat'><strong>1‘).</strong></span> <span class='ocrx_word' id='word_1_69' title='bbox 776 1415 858 1490; x_wconf 87' lang='lat' dir='ltr'><strong>Nec</strong></span> <span class='ocrx_word' id='word_1_70' title='bbox 888 1415 1119 1508; x_wconf 66' lang='lat' dir='ltr'><strong>intelligitur,</strong></span> <span class='ocrx_word' id='word_1_71' title='bbox 1157 1436 1277 1508; x_wconf 79' lang='lat' dir='ltr'><strong>quero</strong></span> 
     </span>
     <span class='ocr_line' id='line_1_12' title="bbox 227 1517 1272 1610; baseline -0.001 -19"><span class='ocrx_word' id='word_1_72' title='bbox 227 1517 428 1593; x_wconf 76' lang='lat' dir='ltr'>Diomedes</span> <span class='ocrx_word' id='word_1_73' title='bbox 452 1518 514 1590; x_wconf 89' lang='lat' dir='ltr'><strong>hio</strong></span> <span class='ocrx_word' id='word_1_74' title='bbox 537 1518 696 1593; x_wconf 85' lang='lat' dir='ltr'><strong>mimus</strong></span> <span class='ocrx_word' id='word_1_75' title='bbox 721 1519 922 1610; x_wconf 68' lang='lat' dir='ltr'><strong>scamaras</strong></span> <span class='ocrx_word' id='word_1_76' title='bbox 945 1518 1144 1608; x_wconf 84' lang='lat' dir='ltr'><strong>lueritpro</strong></span> <span class='ocrx_word' id='word_1_77' title='bbox 1169 1539 1272 1609; x_wconf 86' lang='lat' dir='ltr'><strong>pan·</strong></span> 
     </span>
     <span class='ocr_line' id='line_1_13' title="bbox 228 1618 1272 1718; baseline 0 -26"><span class='ocrx_word' id='word_1_78' title='bbox 228 1621 459 1707; x_wconf 77' lang='lat' dir='ltr'><strong>cominus,</strong></span> <span class='ocrx_word' id='word_1_79' title='bbox 495 1641 606 1712; x_wconf 85' lang='lat' dir='ltr'><strong>quum</strong></span> <span class='ocrx_word' id='word_1_80' title='bbox 630 1621 754 1712; x_wconf 88' lang='lat' dir='ltr'><strong>paullo</strong></span> <span class='ocrx_word' id='word_1_81' title='bbox 776 1618 939 1718; x_wconf 75' lang='lat' dir='ltr'><strong>.post¹⁵)‚</strong></span> <span class='ocrx_word' id='word_1_82' title='bbox 978 1620 1043 1692; x_wconf 83' lang='lat' dir='ltr'><strong>ubi</strong></span> <span class='ocrx_word' id='word_1_83' title='bbox 1062 1618 1157 1692; x_wconf 70' lang='lat' dir='ltr'><strong>&#39;eius</strong></span> <span class='ocrx_word' id='word_1_84' title='bbox 1173 1641 1272 1692; x_wconf 81' lang='lat' dir='ltr'><strong>men·</strong></span> 
     </span>
     <span class='ocr_line' id='line_1_14' title="bbox 225 1719 1272 1813; baseline -0.002 -21"><span class='ocrx_word' id='word_1_85' title='bbox 225 1722 277 1795; x_wconf 90' lang='lat' dir='ltr'><strong>tio</strong></span> <span class='ocrx_word' id='word_1_86' title='bbox 304 1729 383 1794; x_wconf 88' lang='lat' dir='ltr'><strong>erat</strong></span> <span class='ocrx_word' id='word_1_87' title='bbox 400 1720 590 1810; x_wconf 79' lang='lat' dir='ltr'><strong>iacienda,</strong></span> <span class='ocrx_word' id='word_1_88' title='bbox 616 1721 687 1796; x_wconf 82' lang='lat' dir='ltr'><strong>hoc</strong></span> <span class='ocrx_word' id='word_1_89' title='bbox 713 1723 892 1795; x_wconf 81' lang='lat' dir='ltr'><strong>uocabulo</strong></span> <span class='ocrx_word' id='word_1_90' title='bbox 918 1743 1010 1796; x_wconf 86' lang='lat' dir='ltr'><strong>usus</strong></span> <span class='ocrx_word' id='word_1_91' title='bbox 1032 1719 1091 1794; x_wconf 78' lang='lat' dir='ltr'><strong>s&#39;d.</strong></span> <span class='ocrx_word' id='word_1_92' title='bbox 1142 1719 1272 1813; x_wconf 80' lang='lat' dir='ltr'><strong>Itaque</strong></span> 
     </span>
     <span class='ocr_line' id='line_1_15' title="bbox 227 1820 1273 1916; baseline 0 -22"><span class='ocrx_word' id='word_1_93' title='bbox 227 1845 277 1895; x_wconf 85' lang='lat' dir='ltr'><strong>ex</strong></span> <span class='ocrx_word' id='word_1_94' title='bbox 307 1824 372 1911; x_wconf 91' lang='lat' dir='ltr'><strong>iis,</strong></span> <span class='ocrx_word' id='word_1_95' title='bbox 409 1845 502 1916; x_wconf 85' lang='lat' dir='ltr'><strong>quae</strong></span> <span class='ocrx_word' id='word_1_96' title='bbox 535 1824 819 1916; x_wconf 73' lang='lat' dir='ltr'><strong>disputavimus,</strong></span> <span class='ocrx_word' id='word_1_97' title='bbox 859 1825 1041 1916; x_wconf 84' lang='lat' dir='ltr'><strong>sequitur,</strong></span> <span class='ocrx_word' id='word_1_98' title='bbox 1079 1820 1273 1894; x_wconf 89' lang='lat' dir='ltr'><strong>mimorum</strong></span> 
     </span>
     <span class='ocr_line' id='line_1_16' title="bbox 224 1923 1273 2018; baseline -0.002 -21"><span class='ocrx_word' id='word_1_99' title='bbox 224 1947 359 1998; x_wconf 89' lang='lat' dir='ltr'><strong>nomen</strong></span> <span class='ocrx_word' id='word_1_100' title='bbox 383 1925 519 2018; x_wconf 83' lang='lat' dir='ltr'><strong>duplici</strong></span> <span class='ocrx_word' id='word_1_101' title='bbox 538 1926 807 2018; x_wconf 65' lang='lat' dir='ltr'><strong>&#39;significatione</strong></span> <span class='ocrx_word' id='word_1_102' title='bbox 831 1933 1046 2018; x_wconf 79' lang='lat' dir='ltr'><strong>usurpatum</strong></span> <span class='ocrx_word' id='word_1_103' title='bbox 1077 1946 1180 2012; x_wconf 84' lang='lat' dir='ltr'><strong>esse,</strong></span> <span class='ocrx_word' id='word_1_104' title='bbox 1219 1923 1273 1996; x_wconf 89' lang='lat' dir='ltr'><strong>ln·</strong></span> 
     </span>
     <span class='ocr_line' id='line_1_17' title="bbox 226 2025 1272 2120; baseline 0.003 -23"><span class='ocrx_word' id='word_1_105' title='bbox 226 2027 320 2100; x_wconf 87' lang='lat' dir='ltr'><strong>tiore</strong></span> <span class='ocrx_word' id='word_1_106' title='bbox 344 2035 382 2098; x_wconf 90' lang='lat' dir='ltr'><strong>et</strong></span> <span class='ocrx_word' id='word_1_107' title='bbox 402 2028 626 2120; x_wconf 77' lang='lat' dir='ltr'><strong>angustiora.</strong></span> <span class='ocrx_word' id='word_1_108' title='bbox 667 2027 760 2102; x_wconf 74' lang='lat' dir='ltr'><strong>‚Hae</strong></span> <span class='ocrx_word' id='word_1_109' title='bbox 784 2029 880 2102; x_wconf 87' lang='lat' dir='ltr'><strong>enim</strong></span> <span class='ocrx_word' id='word_1_110' title='bbox 894 2029 976 2100; x_wconf 89' lang='lat' dir='ltr'><strong>sola</strong></span> <span class='ocrx_word' id='word_1_111' title='bbox 1000 2025 1143 2102; x_wconf 86' lang='lat' dir='ltr'><strong>ratione</strong></span> <span class='ocrx_word' id='word_1_112' title='bbox 1167 2025 1272 2100; x_wconf 86' lang='lat' dir='ltr'><strong>intel·</strong></span> 
     </span>
     <span class='ocr_line' id='line_1_18' title="bbox 224 2128 1271 2223; baseline -0.001 -22"><span class='ocrx_word' id='word_1_113' title='bbox 224 2128 368 2222; x_wconf 76' lang='lat' dir='ltr'><strong>ligitur,</strong></span> <span class='ocrx_word' id='word_1_114' title='bbox 403 2129 571 2222; x_wconf 81' lang='lat' dir='ltr'><strong>quidet,</strong></span> <span class='ocrx_word' id='word_1_115' title='bbox 610 2136 652 2202; x_wconf 89' lang='lat' dir='ltr'><strong>ut</strong></span> <span class='ocrx_word' id='word_1_116' title='bbox 674 2130 887 2223; x_wconf 78' lang='lat' dir='ltr'>planipedes</span> <span class='ocrx_word' id='word_1_117' title='bbox 911 2130 1022 2202; x_wconf 91' lang='lat' dir='ltr'><strong>modo</strong></span> <span class='ocrx_word' id='word_1_118' title='bbox 1047 2129 1271 2222; x_wconf 74' lang='lat' dir='ltr'><strong>distingunu·</strong></span> 
     </span>
     <span class='ocr_line' id='line_1_19' title="bbox 226 2231 1079 2320; baseline -0.004 -16"><span class='ocrx_word' id='word_1_119' title='bbox 226 2237 285 2304; x_wconf 77' lang='lat' dir='ltr'><strong>tus</strong></span> <span class='ocrx_word' id='word_1_120' title='bbox 310 2253 335 2302; x_wconf 83' lang='lat' dir='ltr'><strong>a</strong></span> <span class='ocrx_word' id='word_1_121' title='bbox 357 2231 496 2320; x_wconf 85' lang='lat' dir='ltr'><strong>mimis,</strong></span> <span class='ocrx_word' id='word_1_122' title='bbox 528 2232 638 2304; x_wconf 90' lang='lat' dir='ltr'><strong>modo</strong></span> <span class='ocrx_word' id='word_1_123' title='bbox 663 2232 765 2304; x_wconf 82' lang='lat' dir='ltr'><strong>mind</strong></span> <span class='ocrx_word' id='word_1_124' title='bbox 788 2253 873 2304; x_wconf 88' lang='lat' dir='ltr'><strong>esse</strong></span> <span class='ocrx_word' id='word_1_125' title='bbox 897 2233 1079 2306; x_wconf 83' lang='lat' dir='ltr'><strong>dieantur.</strong></span> 
     </span>
     <span class='ocr_line' id='line_1_20' title="bbox 327 2345 1273 2441; baseline 0 -23"><span class='ocrx_word' id='word_1_126' title='bbox 327 2347 529 2426; x_wconf 74' lang='lat' dir='ltr'>Quaeritur</span> <span class='ocrx_word' id='word_1_127' title='bbox 546 2349 639 2436; x_wconf 92' lang='lat' dir='ltr'><strong>iam,</strong></span> <span class='ocrx_word' id='word_1_128' title='bbox 665 2349 752 2441; x_wconf 89' lang='lat' dir='ltr'><strong>quid</strong></span> <span class='ocrx_word' id='word_1_129' title='bbox 777 2350 981 2422; x_wconf 79' lang='lat' dir='ltr'><strong>interfuerit</strong></span> <span class='ocrx_word' id='word_1_130' title='bbox 1004 2349 1101 2419; x_wconf 86' lang='lat' dir='ltr'><strong>inter</strong></span> <span class='ocrx_word' id='word_1_131' title='bbox 1123 2345 1273 2420; x_wconf 88' lang='lat' dir='ltr'><strong>mimum</strong></span> 
     </span>
     <span class='ocr_line' id='line_1_21' title="bbox 226 2440 1358 2543; baseline 0.002 -23"><span class='ocrx_word' id='word_1_132' title='bbox 226 2450 438 2543; x_wconf 80' lang='lat' dir='ltr'><strong>angustiore</strong></span> <span class='ocrx_word' id='word_1_133' title='bbox 463 2450 725 2543; x_wconf 77' lang='lat' dir='ltr'><strong>significatione</strong></span> <span class='ocrx_word' id='word_1_134' title='bbox 751 2458 787 2520; x_wconf 80' lang='lat' dir='ltr'><strong>et</strong></span> <span class='ocrx_word' id='word_1_135' title='bbox 811 2452 1066 2543; x_wconf 86' lang='lat' dir='ltr'><strong>planipediam.</strong></span> <span class='ocrx_word' id='word_1_136' title='bbox 1353 2440 1358 2449; x_wconf 74' lang='grc'><strong>’</strong></span> 
     </span>
     <span class='ocr_line' id='line_1_22' title="bbox 327 2566 1273 2664; baseline 0 -26"><span class='ocrx_word' id='word_1_137' title='bbox 327 2566 508 2660; x_wconf 82' lang='lat' dir='ltr'><strong>Iosephus</strong></span> <span class='ocrx_word' id='word_1_138' title='bbox 548 2566 771 2664; x_wconf 69' lang='lat' dir='ltr'><strong>Scaligerffl)</strong></span> <span class='ocrx_word' id='word_1_139' title='bbox 812 2569 920 2658; x_wconf 83' lang='lat' dir='ltr'><strong>die&#39;it,</strong></span> <span class='ocrx_word' id='word_1_140' title='bbox 967 2567 1273 2662; x_wconf 85' lang='lat' dir='ltr'><strong>quemadmodum</strong></span> 
     </span>
     <span class='ocr_line' id='line_1_23' title="bbox 227 2669 1273 2764; baseline -0.002 -23"><span class='ocrx_word' id='word_1_141' title='bbox 227 2669 413 2764; x_wconf 80' lang='lat' dir='ltr'><strong>pedaneus</strong></span> <span class='ocrx_word' id='word_1_142' title='bbox 431 2676 634 2763; x_wconf 78' lang='lat' dir='ltr'><strong>opponitur</strong></span> <span class='ocrx_word' id='word_1_143' title='bbox 654 2669 789 2758; x_wconf 85' lang='lat' dir='ltr'><strong>curuli,</strong></span> <span class='ocrx_word' id='word_1_144' title='bbox 815 2670 867 2740; x_wconf 92' lang='lat' dir='ltr'><strong>ita</strong></span> <span class='ocrx_word' id='word_1_145' title='bbox 889 2672 1117 2763; x_wconf 78' lang='lat' dir='ltr'><strong>planipedem</strong></span> <span class='ocrx_word' id='word_1_146' title='bbox 1137 2669 1273 2760; x_wconf 87' lang='lat' dir='ltr'><strong>opponi</strong></span> 
     </span>
     <span class='ocr_line' id='line_1_24' title="bbox 226 2771 1272 2864; baseline -0.001 -21"><span class='ocrx_word' id='word_1_147' title='bbox 226 2772 356 2857; x_wconf 86' lang='lat' dir='ltr'><strong>mimo,</strong></span> <span class='ocrx_word' id='word_1_148' title='bbox 399 2780 440 2841; x_wconf 93' lang='lat' dir='ltr'><strong>ut</strong></span> <span class='ocrx_word' id='word_1_149' title='bbox 464 2772 628 2862; x_wconf 80' lang='lat' dir='ltr'><strong>planipes</strong></span> <span class='ocrx_word' id='word_1_150' title='bbox 654 2772 745 2842; x_wconf 91' lang='lat' dir='ltr'><strong>nihil</strong></span> <span class='ocrx_word' id='word_1_151' title='bbox 769 2773 870 2844; x_wconf 91' lang='lat' dir='ltr'><strong>aliud</strong></span> <span class='ocrx_word' id='word_1_152' title='bbox 895 2773 960 2861; x_wconf 91' lang='lat' dir='ltr'><strong>sit,</strong></span> <span class='ocrx_word' id='word_1_153' title='bbox 999 2793 1108 2864; x_wconf 88' lang='lat' dir='ltr'><strong>quam</strong></span> <span class='ocrx_word' id='word_1_154' title='bbox 1140 2771 1272 2842; x_wconf 86' lang='lat' dir='ltr'><strong>mimus</strong></span> 
     </span>
     <span class='ocr_line' id='line_1_25' title="bbox 224 2871 1273 2965; baseline 0.002 -23"><span class='ocrx_word' id='word_1_155' title='bbox 224 2874 421 2965; x_wconf 87' lang='lat' dir='ltr'><strong>pedaneus.</strong></span> <span class='ocrx_word' id='word_1_156' title='bbox 488 2871 601 2950; x_wconf 74' lang='lat' dir='ltr'><strong>Quod</strong></span> <span class='ocrx_word' id='word_1_157' title='bbox 631 2882 672 2942; x_wconf 91' lang='lat' dir='ltr'><strong>ut</strong></span> <span class='ocrx_word' id='word_1_158' title='bbox 704 2873 906 2962; x_wconf 88' lang='lat' dir='ltr'><strong>confirmet,</strong></span> <span class='ocrx_word' id='word_1_159' title='bbox 954 2873 1114 2946; x_wconf 80' lang='lat' dir='ltr'><strong>Ausonii</strong></span> <span class='ocrx_word' id='word_1_160' title='bbox 1150 2873 1273 2944; x_wconf 85' lang='lat' dir='ltr'><strong>locum</strong></span> 
     </span>
     <span class='ocr_line' id='line_1_26' title="bbox 227 2971 1272 3069; baseline 0 -24"><span class='ocrx_word' id='word_1_161' title='bbox 227 2973 349 3045; x_wconf 82' lang='lat' dir='ltr'><strong>affert:</strong></span> <span class='ocrx_word' id='word_1_162' title='bbox 376 2971 481 3061; x_wconf 88' lang='lat' dir='ltr'><strong>„Nec</strong></span> <span class='ocrx_word' id='word_1_163' title='bbox 499 2974 545 3044; x_wconf 89' lang='lat' dir='ltr'><strong>de</strong></span> <span class='ocrx_word' id='word_1_164' title='bbox 566 2975 676 3045; x_wconf 90' lang='lat' dir='ltr'><strong>mimo</strong></span> <span class='ocrx_word' id='word_1_165' title='bbox 695 2976 944 3069; x_wconf 82' lang='lat' dir='ltr'><strong>planipedem,</strong></span> <span class='ocrx_word' id='word_1_166' title='bbox 970 2999 1039 3046; x_wconf 82' lang='lat' dir='ltr'><strong>nec</strong></span> <span class='ocrx_word' id='word_1_167' title='bbox 1056 2977 1104 3047; x_wconf 90' lang='lat' dir='ltr'><strong>dc</strong></span> <span class='ocrx_word' id='word_1_168' title='bbox 1128 2995 1272 3046; x_wconf 86' lang='lat' dir='ltr'><strong>comoe-</strong></span> 
     </span>
     <span class='ocr_line' id='line_1_27' title="bbox 227 3075 1272 3170; baseline 0.002 -24"><span class='ocrx_word' id='word_1_169' title='bbox 227 3076 283 3146; x_wconf 87' lang='lat' dir='ltr'><strong>dis</strong></span> <span class='ocrx_word' id='word_1_170' title='bbox 303 3075 525 3148; x_wconf 87' lang='lat' dir='ltr'><strong>histrionem.</strong></span> <span class='ocrx_word' id='word_1_171' title='bbox 535 3081 560 3120; x_wconf 81' lang='lat'><strong>‘⁶</strong></span> <span class='ocrx_word' id='word_1_172' title='bbox 610 3075 791 3170; x_wconf 76' lang='lat' dir='ltr'><strong>scaligeri</strong></span> <span class='ocrx_word' id='word_1_173' title='bbox 815 3080 929 3148; x_wconf 86' lang='lat' dir='ltr'><strong>verba</strong></span> <span class='ocrx_word' id='word_1_174' title='bbox 954 3078 1085 3169; x_wconf 86' lang='lat' dir='ltr'><strong>repetit</strong></span> <span class='ocrx_word' id='word_1_175' title='bbox 1101 3075 1272 3148; x_wconf 84' lang='lat' dir='ltr'><strong>Andreas</strong></span> 
     </span>
     <span class='ocr_line' id='line_1_28' title="bbox 225 3173 1271 3274; baseline 0.002 -26"><span class='ocrx_word' id='word_1_176' title='bbox 225 3173 407 3248; x_wconf 84' lang='lat' dir='ltr'><strong>Ilaeerius</strong></span> <span class='ocrx_word' id='word_1_177' title='bbox 416 3178 485 3274; x_wconf 77' lang='grc'><strong>11),</strong></span> <span class='ocrx_word' id='word_1_178' title='bbox 522 3178 721 3271; x_wconf 87' lang='lat' dir='ltr'><strong>eademque</strong></span> <span class='ocrx_word' id='word_1_179' title='bbox 753 3179 932 3252; x_wconf 85' lang='lat' dir='ltr'><strong>sententia</strong></span> <span class='ocrx_word' id='word_1_180' title='bbox 964 3179 1035 3252; x_wconf 87' lang='lat' dir='ltr'><strong>fuit</strong></span> <span class='ocrx_word' id='word_1_181' title='bbox 1066 3177 1129 3250; x_wconf 88' lang='lat' dir='ltr'><strong>Jo.</strong></span> <span class='ocrx_word' id='word_1_182' title='bbox 1162 3177 1271 3268; x_wconf 87' lang='lat' dir='ltr'><strong>Bapt.</strong></span> 
     </span>
     <span class='ocr_line' id='line_1_29' title="bbox 227 3275 1273 3377; baseline 0 -27"><span class='ocrx_word' id='word_1_183' title='bbox 227 3275 442 3377; x_wconf 68' lang='grc'>0111111118),</span> <span class='ocrx_word' id='word_1_184' title='bbox 485 3275 573 3352; x_wconf 85' lang='lat' dir='ltr'><strong>Ger.</strong></span> <span class='ocrx_word' id='word_1_185' title='bbox 613 3278 676 3353; x_wconf 86' lang='lat' dir='ltr'><strong>Jo.</strong></span> <span class='ocrx_word' id='word_1_186' title='bbox 708 3278 835 3352; x_wconf 79' lang='lat' dir='ltr'><strong>vossii</strong></span> <span class='ocrx_word' id='word_1_187' title='bbox 843 3281 911 3377; x_wconf 71' lang='grc'><strong>19),</strong></span> <span class='ocrx_word' id='word_1_188' title='bbox 951 3280 1097 3352; x_wconf 87' lang='lat' dir='ltr'><strong>Nicolal</strong></span> <span class='ocrx_word' id='word_1_189' title='bbox 1136 3275 1273 3350; x_wconf 82' lang='lat' dir='ltr'><strong>Gallin-</strong></span> 
     </span>
     <span class='ocr_line' id='line_1_30' title="bbox 226 3378 1272 3477; baseline 0.005 -27"><span class='ocrx_word' id='word_1_190' title='bbox 226 3378 298 3450; x_wconf 90' lang='lat' dir='ltr'><strong>ohii</strong></span> <span class='ocrx_word' id='word_1_191' title='bbox 306 3379 366 3477; x_wconf 83' lang='lat'><strong>²⁰).</strong></span> <span class='ocrx_word' id='word_1_192' title='bbox 428 3380 550 3452; x_wconf 84' lang='lat' dir='ltr'><strong>Docet</strong></span> <span class='ocrx_word' id='word_1_193' title='bbox 581 3382 725 3475; x_wconf 89' lang='lat' dir='ltr'><strong>quidem</strong></span> <span class='ocrx_word' id='word_1_194' title='bbox 761 3384 870 3454; x_wconf 89' lang='lat' dir='ltr'><strong>etiam</strong></span> <span class='ocrx_word' id='word_1_195' title='bbox 902 3379 1140 3468; x_wconf 83' lang='lat' dir='ltr'><strong>Plutarchus,</strong></span> <span class='ocrx_word' id='word_1_196' title='bbox 1178 3381 1272 3455; x_wconf 86' lang='lat' dir='ltr'><strong>alius</strong></span> 
     </span>
     <span class='ocr_line' id='line_1_31' title="bbox 225 3481 1271 3576; baseline 0.002 -24"><span class='ocrx_word' id='word_1_197' title='bbox 225 3481 356 3553; x_wconf 88' lang='lat' dir='ltr'><strong>mimos</strong></span> <span class='ocrx_word' id='word_1_198' title='bbox 382 3489 460 3552; x_wconf 90' lang='lat' dir='ltr'><strong>arte</strong></span> <span class='ocrx_word' id='word_1_199' title='bbox 486 3485 642 3576; x_wconf 88' lang='lat' dir='ltr'><strong>quadam</strong></span> <span class='ocrx_word' id='word_1_200' title='bbox 662 3485 779 3557; x_wconf 83' lang='lat' dir='ltr'><strong>fnisse</strong></span> <span class='ocrx_word' id='word_1_201' title='bbox 804 3485 1044 3576; x_wconf 84' lang='lat' dir='ltr'><strong>compositos,</strong></span> <span class='ocrx_word' id='word_1_202' title='bbox 1078 3483 1171 3556; x_wconf 87' lang='lat' dir='ltr'><strong>alios</strong></span> <span class='ocrx_word' id='word_1_203' title='bbox 1192 3490 1271 3554; x_wconf 91' lang='lat' dir='ltr'><strong>tan·</strong></span> 
     </span>
    </p>
   </div>
   <div class='ocr_carea' id='block_1_4' title="bbox 224 3714 1272 4057">
    <p class='ocr_par' dir='ltr' id='par_1_4' title="bbox 224 3714 1272 4057">
     <span class='ocr_line' id='line_1_32' title="bbox 313 3714 1272 3803; baseline -0.002 -24"><span class='ocrx_word' id='word_1_204' title='bbox 313 3714 366 3799; x_wconf 83' lang='grc'>14)</span> <span class='ocrx_word' id='word_1_205' title='bbox 389 3715 452 3776; x_wconf 87' lang='lat' dir='ltr'><strong>Vid.</strong></span> <span class='ocrx_word' id='word_1_206' title='bbox 471 3717 592 3778; x_wconf 83' lang='lat' dir='ltr'><strong>Gesneri</strong></span> <span class='ocrx_word' id='word_1_207' title='bbox 613 3719 704 3780; x_wconf 84' lang='lat' dir='ltr'><strong>Thes.</strong></span> <span class='ocrx_word' id='word_1_208' title='bbox 726 3719 798 3803; x_wconf 71' lang='lat' dir='ltr'><strong>ling.</strong></span> <span class='ocrx_word' id='word_1_209' title='bbox 820 3720 886 3782; x_wconf 85' lang='lat' dir='ltr'><strong>Lat.</strong></span> <span class='ocrx_word' id='word_1_210' title='bbox 908 3741 936 3782; x_wconf 86' lang='lat' dir='ltr'><strong>v.</strong></span> <span class='ocrx_word' id='word_1_211' title='bbox 953 3717 1207 3786; x_wconf 79' lang='lat' dir='ltr'><strong>Postuminus.</strong></span> <span class='ocrx_word' id='word_1_212' title='bbox 1228 3749 1272 3764; x_wconf 88' lang='lat'><em>-</em></span> 
     </span>
     <span class='ocr_line' id='line_1_33' title="bbox 228 3799 1271 3885; baseline 0 -21"><span class='ocrx_word' id='word_1_213' title='bbox 228 3799 282 3882; x_wconf 83' lang='lat'><strong>15)</strong></span> <span class='ocrx_word' id='word_1_214' title='bbox 305 3808 421 3882; x_wconf 78' lang='lat' dir='ltr'><strong>p-489.</strong></span> <span class='ocrx_word' id='word_1_215' title='bbox 442 3835 485 3847; x_wconf 90' lang='lat'><em>-</em></span> <span class='ocrx_word' id='word_1_216' title='bbox 514 3803 566 3883; x_wconf 89' lang='grc'>16)</span> <span class='ocrx_word' id='word_1_217' title='bbox 590 3804 626 3862; x_wconf 89' lang='lat' dir='ltr'><strong>ad</strong></span> <span class='ocrx_word' id='word_1_218' title='bbox 643 3804 723 3864; x_wconf 84' lang='lat' dir='ltr'><strong>Fest.</strong></span> <span class='ocrx_word' id='word_1_219' title='bbox 745 3826 772 3866; x_wconf 85' lang='lat' dir='ltr'><strong>v.</strong></span> <span class='ocrx_word' id='word_1_220' title='bbox 792 3807 998 3869; x_wconf 77' lang='lat' dir='ltr'><strong>Orchestra</strong></span> <span class='ocrx_word' id='word_1_221' title='bbox 1018 3838 1060 3852; x_wconf 92' lang='lat'>—</span> <span class='ocrx_word' id='word_1_222' title='bbox 1084 3801 1139 3885; x_wconf 77' lang='lat'><strong>17)</strong></span> <span class='ocrx_word' id='word_1_223' title='bbox 1160 3802 1271 3869; x_wconf 84' lang='lat' dir='ltr'><strong>ibidem.</strong></span> 
     </span>
     <span class='ocr_line' id='line_1_34' title="bbox 224 3885 1272 3969; baseline 0 -21"><span class='ocrx_word' id='word_1_224' title='bbox 224 3919 269 3932; x_wconf 87' lang='lat'><strong>--</strong></span> <span class='ocrx_word' id='word_1_225' title='bbox 298 3885 352 3968; x_wconf 86' lang='grc'>18)</span> <span class='ocrx_word' id='word_1_226' title='bbox 380 3887 416 3947; x_wconf 88' lang='lat' dir='ltr'><strong>de</strong></span> <span class='ocrx_word' id='word_1_227' title='bbox 437 3887 608 3969; x_wconf 79' lang='lat' dir='ltr'><strong>Tragoedia</strong></span> <span class='ocrx_word' id='word_1_228' title='bbox 629 3894 660 3948; x_wconf 89' lang='lat' dir='ltr'><strong>et</strong></span> <span class='ocrx_word' id='word_1_229' title='bbox 681 3890 835 3951; x_wconf 83' lang='lat' dir='ltr'><strong>Comoedia</strong></span> <span class='ocrx_word' id='word_1_230' title='bbox 855 3891 907 3962; x_wconf 86' lang='lat' dir='ltr'><strong>ll.,</strong></span> <span class='ocrx_word' id='word_1_231' title='bbox 935 3891 1062 3952; x_wconf 78' lang='lat' dir='ltr'><strong>Gronov.</strong></span> <span class='ocrx_word' id='word_1_232' title='bbox 1084 3889 1176 3951; x_wconf 80' lang='lat' dir='ltr'><strong>Tlos.</strong></span> <span class='ocrx_word' id='word_1_233' title='bbox 1197 3887 1272 3950; x_wconf 68' lang='grc'>1111·</span> 
     </span>
     <span class='ocr_line' id='line_1_35' title="bbox 226 3970 1272 4057; baseline 0.004 -27"><span class='ocrx_word' id='word_1_234' title='bbox 226 3970 310 4049; x_wconf 61' lang='lat' dir='ltr'><strong>quia.</strong></span> <span class='ocrx_word' id='word_1_235' title='bbox 333 3973 436 4033; x_wconf 77' lang='lat' dir='ltr'><strong>Graec.</strong></span> <span class='ocrx_word' id='word_1_236' title='bbox 459 3972 499 4032; x_wconf 84' lang='lat' dir='ltr'><strong>T.</strong></span> <span class='ocrx_word' id='word_1_237' title='bbox 512 3973 586 4032; x_wconf 89' lang='lat' dir='ltr'><strong>Vlll.</strong></span> <span class='ocrx_word' id='word_1_238' title='bbox 607 3994 636 4052; x_wconf 89' lang='lat' dir='ltr'><strong>p.</strong></span> <span class='ocrx_word' id='word_1_239' title='bbox 650 3981 741 4036; x_wconf 83' lang='lat'><strong>1616.</strong></span> <span class='ocrx_word' id='word_1_240' title='bbox 763 3976 797 4034; x_wconf 88' lang='lat' dir='ltr'><strong>B.</strong></span> <span class='ocrx_word' id='word_1_241' title='bbox 819 4008 862 4022; x_wconf 91' lang='lat'><em>-</em></span> <span class='ocrx_word' id='word_1_242' title='bbox 894 3973 947 4057; x_wconf 84' lang='lat'><strong>19)</strong></span> <span class='ocrx_word' id='word_1_243' title='bbox 978 3971 1272 4054; x_wconf 68' lang='grc' dir='ltr'>Ιιιι1ἰ1ιι11.ροὲ1.ΙΙ.</span> 
     </span>
    </p>
   </div>
   <div class='ocr_carea' id='block_1_5' title="bbox 225 4054 1274 4222">
    <p class='ocr_par' dir='ltr' id='par_1_5' title="bbox 225 4054 1274 4222">
     <span class='ocr_line' id='line_1_36' title="bbox 227 4054 1274 4143; baseline 0.006 -27"><span class='ocrx_word' id='word_1_244' title='bbox 227 4062 277 4118; x_wconf 78' lang='lat'><strong>32.</strong></span> <span class='ocrx_word' id='word_1_245' title='bbox 306 4063 333 4115; x_wconf 91' lang='lat'><strong>1.</strong></span> <span class='ocrx_word' id='word_1_246' title='bbox 354 4088 397 4104; x_wconf 86' lang='lat'><em>-</em></span> <span class='ocrx_word' id='word_1_247' title='bbox 425 4054 480 4139; x_wconf 76' lang='lat'><strong>20)</strong></span> <span class='ocrx_word' id='word_1_248' title='bbox 509 4058 545 4120; x_wconf 90' lang='lat' dir='ltr'><strong>de</strong></span> <span class='ocrx_word' id='word_1_249' title='bbox 566 4058 657 4120; x_wconf 85' lang='lat' dir='ltr'><strong>Ludis</strong></span> <span class='ocrx_word' id='word_1_250' title='bbox 678 4060 799 4120; x_wconf 79' lang='lat' dir='ltr'><strong>scenicis</strong></span> <span class='ocrx_word' id='word_1_251' title='bbox 820 4059 965 4128; x_wconf 56' lang='lat' dir='ltr'><strong>maioma</strong></span> <span class='ocrx_word' id='word_1_252' title='bbox 991 4067 1022 4126; x_wconf 85' lang='lat' dir='ltr'><strong>et</strong></span> <span class='ocrx_word' id='word_1_253' title='bbox 1041 4059 1274 4143; x_wconf 77' lang='lat' dir='ltr'><strong>pantomimorum</strong></span> 
     </span>
     <span class='ocr_line' id='line_1_37' title="bbox 225 4143 467 4222; baseline 0.012 -23"><span class='ocrx_word' id='word_1_254' title='bbox 225 4145 371 4222; x_wconf 80' lang='lat' dir='ltr'><strong>syntagm.</strong></span> <span class='ocrx_word' id='word_1_255' title='bbox 392 4143 467 4203; x_wconf 82' lang='lat' dir='ltr'><strong>Vlll.</strong></span> 
     </span>
    </p>
   </div>
   <div class='ocr_carea' id='block_1_6' title="bbox 0 0 1419 4964">
    <p class='ocr_par' dir='ltr' id='par_1_6' title="bbox 0 0 1419 4964">
     <span class='ocr_line' id='line_1_38' title="bbox 0 0 1419 4964; baseline 0 0"><span class='ocrx_word' id='word_1_256' title='bbox 0 0 1419 4964; x_wconf 95' lang='lat' dir='ltr'><strong> </strong></span> 
     </span>
    </p>
   </div>
  </div>
 </body>
</html>
