2772 4968
1051 295 1188 416 99..

83 531 192 584 mum
215 509 311 602 apud
334 505 522 582 Romanos
553 507 619 582 illo
651 518 814 599 tempore
844 509 1028 584 exstitisse
1053 512 1105 588 dl·

82 613 178 700 aiter,
201 620 241 684 nt
261 611 369 684 etham
382 609 510 702 Lydus
531 609 629 682 hune
653 607 859 702 significare
885 619 923 682 et
942 612 1106 704 potuisse

82 721 114 784 et
139 713 292 786 voluisse
332 713 594 793 existimandus
627 712 695 798 sit,
737 719 906 804 reeteque
946 714 1008 784 alii
1038 737 1105 806 pro

86 809 224 896 Τίνιος
244 815 465 886 restituerint
478 810 660 908 Λίβιος.
698 810 755 886 cf.
773 811 1003 888 lleuvensius
1020 813 1105 890 Cot·

81 918 194 988 lectam
225 917 291 988 litt.
324 939 360 1008 p.
378 917 428 990 26
447 939 525 1008 sqq.
560 925 596 986 et
622 912 793 988 amous
824 915 991 990 Analeot.
1023 919 1105 990 erit.
1137 985 1140 990 .

80 1039 109 1110 p.
123 1020 178 1092 tt.
209 1017 411 1090 Videamus
430 1017 558 1110 igitur,
583 1039 704 1088 nonne
721 1016 867 1088 aliunde
882 1020 986 1111 quid,
1009 1021 1105 1112 quod

80 1119 147 1190 veri
168 1142 238 1190 non
263 1120 312 1190 sit
336 1120 530 1206 dissimile,
557 1119 687 1194 elicere
712 1118 905 1210 possimus.
956 1119 1008 1192 Μ.
1030 1120 1105 1194 Te·

78 1220 200 1294 rentins
239 1219 360 1293 Varro
404 1222 501 1312 apud
533 1217 740 1292 charisium
771 1217 827 1291 11.
866 1243 900 1312 p.
930 1221 1003 1295 215
1045 1223 1103 1294 ed.

77 1319 211 1396 Potseh.
236 1322 508 1415 antiquissimas
539 1331 598 1392 est
621 1322 855 1412 scriptorum,
888 1324 955 1415 qui·
976 1323 1105 1396 Titinii

76 1425 198 1496 foemt
222 1426 451 1498 mentionem.
504 1423 633 1515 ltaque
657 1423 716 1494 hio
741 1431 850 1514 poeto
877 1436 941 1494 aut
965 1423 1102 1498 Varro·

12 1563 13 1566 ¹
76 1526 124 1596 nis
147 1527 306 1619 aequalis
326 1527 415 1613 luit,
441 1533 505 1596 aut
530 1535 614 1596 ante
630 1523 833 1596 Varronem
853 1525 956 1598 vixit.
1006 1526 1103 1602 Eum

77 1634 148 1700 oto
168 1627 369 1700 Varronem
389 1627 575 1714 floruisse,
610 1627 819 1720 intelligitur
844 1649 891 1700 ex
917 1629 996 1700 eius
1021 1652 1101 1702 ver·

78 1730 140 1816 bis,
164 1751 256 1822 quae
275 1728 467 1802 Charisius
485 1727 519 1800 1.
545 1750 581 1820 p.
596 1730 648 1802 40
669 1750 726 1820 ap.
746 1726 896 1800 Palscb.
921 1732 1099 1803 serravit:

12 1855 14 1896 t
76 1828 204 1916 „Velim
229 1853 302 1924 ego
328 1853 413 1902 osse
437 1851 545 1900 arare
569 1851 736 1920 eampum
764 1837 955 1902 oeream.“
1006 1825 1135 1906 Nam'

12 1929 14 1946 ‘
75 1953 142 2006 nos
171 1955 254 2006 osse
288 1932 472 2004 scribendi
503 1933 577 2002 iam
609 1933 840 2002 obsoleverat
877 1935 1101 2023 temporibus

12 2061 13 2064 ¹
76 2029 255 2122 Varronis,
290 2057 339 2104 ex
363 2054 434 2125 quo
456 2030 645 2104 Charisius
669 2034 693 2104 t.
720 2055 751 2102 e.
777 2032 868 2102 haee
890 2035 963 2103 duo
989 2037 1101 2108 rerba

76 2137 194 2210 attulit:
227 2131 359 2224 „Osse
384 2135 600 2206 scribebant
610 2139 634 2176 ‘⁶
686 2130 765 2220 Gi,
797 2154 891 2226 quae
911 2136 1125 2206 annotari·'

76 2259 143 2308 mus
179 2239 225 2310 ad
263 2237 393 2308 Titinii
431 2236 578 2306 Incerti.
612 2235 780 2326 iragmm.
815 2233 927 2306 XIX.
978 2233 1099 2310 Porro
1196 2245 1219 2316 ,“

75 2339 130 2408 tibi
150 2341 256 2412 facile
272 2339 530 2430 persuadebis,
558 2359 640 2406 eum
666 2343 785 2406 aetate
806 2332 1012 2408 Varronem
1037 2361 1099 2409 an·

77 2443 270 2529 lacessisse,
296 2441 329 2510 si
349 2441 553 2531 fragmenta
578 2440 657 2508 eius
681 2438 903 2531 perlegeris..
937 2437 1036 2517 Quin
1061 2442 1100 2510 in

76 2539 141 2614 istis
163 2544 376 2638 fragmentis
401 2541 573 2612 nonnulla
598 2541 778 2632 reperies,
818 2561 912 2632 quae
937 2542 999 2610 vel
1024 2541 1098 2614 Te·

11 2697 12 2700 ,
75 2643 166 2716 rentii
189 2644 320 2715 comici
339 2642 560 2733 temporibus
586 2641 659 2712 iam
684 2643 801 2710 miuus
827 2643 958 2712 usitata
982 2641 1098 2714 fuisse

75 2745 260 2816 rideantur.
312 2743 391 2816 Nee
416 2767 566 2835 prorsus
591 2743 827 2836 improbabile
853 2752 926 2832 est,
963 2739 1098 2816 Varro·

10 2881 11 2886 ,
75 2867 145 2918 nem
167 2853 314 2940 propter
338 2847 408 2917 hoo
435 2846 575 2936 ipsum,
615 2847 712 2937 quod
738 2844 899 2916 Titinius
921 2844 1098 2918 Terentio

74 2947 133 3019 tuit
162 2949 359 3041 antiquior,
398 2949 506 3023 huius
537 2969 669 3018 nomen
687 2956 777 3037 post
809 2947 906 3016 illius
931 2949 1098 3038 posuisse

74 3047 247 3137 inhisoe,
287 3073 381 3144 quae
413 3047 601 3120 Charisius
627 3047 678 3120 ΙΙ.
705 3069 740 3138 p.
762 3047 837 3120 215
863 3071 920 3143 ap.
946 3047 1096 3121 Patsoh.

75 3171 114 3221 ex
144 3151 219 3224 elus
251 3153 300 3221 de
327 3150 460 3221 Latino
493 3171 660 3220 sermone
685 3149 779 3218 libro
805 3150 928 3242 quinto
954 3152 1096 3222 laudat:

10 3311 11 3336 ,
74 3248 188 3348 υἬθη
220 3253 312 3323 nulli
337 3253 399 3322 alii
424 3272 573 3322 servare
598 3252 785 3338 convenit,
824 3273 932 3344 qnam
957 3251 1097 3324 Titinio

61 3358 104 3422 et
126 3353 318 3444 Tereutl03
361 3345 468 3446 πάθη
499 3375 589 3423 vero
622 3351 771 3423 Trabea
809 3363 847 3422 et
878 3354 1028 3426 Attilius
1062 3363 1099 3426 et

73 3450 242 3529 Caecilius
266 3457 376 3528 laelle
402 3460 634 3526 moverant“
693 3453 765 3524 Ubi
795 3455 902 3525 simul
939 3465 1099 3528 statuen-

75 3556 147 3628 dum
171 3561 239 3646 sit,
278 3559 374 3651 quod
399 3558 508 3628 etiam
531 3557 639 3628 facile
665 3556 775 3626 statui
799 3563 935 3647 potest,
971 3556 1097 3629 (laeci-

73 3655 149 3728 liom
174 3661 411 3754 antiquiorem
436 3660 580 3754 quidem
605 3679 677 3728 non
702 3657 835 3745 fuisse,
871 3679 977 3750 qoam
1004 3659 1097 3730 Tra-

73 3756 167 3831 beam
198 3763 447 3856 Attiliumque.
505 3759 565 3834 Ex
598 3781 642 3829 eo
674 3781 781 3848 vero,
821 3762 917 3854 quod
956 3762 1099 3853 scripsit

73 3861 363 3959 moverant*),
395 3885 470 3934 non
494 3869 734 3932 moverunt
759 3862 818 3932 vel
842 3865 1098 3951 movebant,

10 4073 13 4144 l
106 4059 136 4142 .')
165 4065 246 4130 Quod
272 4083 362 4144 quare
384 4063 502 4124 notatu
530 4063 654 4124 Gomioe.
681 4063 748 4122 Lat.
777 4061 907 4144 [rogum.
930 4085 957 4145 p.
978 4069 1039 4128 1²7
1067 4063 1097 4124 in
1168 4067 1172 4077 '

10 4151 11 4178 ¹
73 4156 249 4212 noverunt
265 4150 324 4212 sihi
343 4151 505 4212 antemon
525 4149 654 4223 donarit,
682 4169 739 4210 son
761 4148 853 4210 rideo.

752 4246 795 4308 ⁷0
