2824 4966
285 359 341 436 28

383 538 437 610 At
451 538 563 610 multo
582 538 701 610 minus
714 546 964 630 praetextatae
981 537 1193 609 comoediae
1208 537 1313 608 fuisse

138 686 141 692 ‚
284 642 466 733 putandae
497 648 591 712 sunt.
656 638 750 711 Nam
783 641 972 713 comoedia
1006 661 1149 731 semper
1188 639 1314 731 aliquid

283 741 444 830 ridiculi,
480 764 551 835 quo
577 742 655 832 ipso
680 743 807 813 fabula
832 743 1020 814 comoedia
1043 741 1101 828 fit,
1137 742 1314 811 continere

285 843 403 916 debet.
456 842 598 920 Quodsi
629 843 792 914 homines
817 843 1037 934 praetextati
1068 843 1105 912 in
1132 841 1314 912 comoedia

156 943 164 955 '
285 951 407 1016 essent
436 945 714 1035 repraesentati,
754 945 793 1014 hi
824 946 933 1016 eiiam
964 944 1054 1016 risui
1078 950 1315 1034 spectatorum

285 1045 443 1136 expositi
471 1054 610 1135 essent3
648 1047 747 1138 quod
773 1048 1013 1138 optimatium,
1047 1046 1108 1139 qui
1133 1052 1315 1137 poetamm

283 1147 568 1241 histrionumque
601 1148 781 1217 licentiam
809 1149 1000 1218 coercendi
1022 1148 1234 1219 facultatem
1258 1145 1314 1215 ba·

282 1247 533 1343 buerunt102),
588 1249 768 1319 maiestati
815 1256 1005 1342 repugnat.
1078 1246 1208 1340 Neque
1248 1249 1315 1318 ira·
1383 1265 1384 1328 ς

284 1358 439 1443 gmenta,
462 1372 555 1442 quae
569 1352 675 1420 nobis
690 1357 836 1421 servata
856 1358 940 1421 sunt
956 1373 1004 1420 cx
1018 1350 1201 1420 nonnullis
1219 1369 1314 1439 prae·

284 1451 412 1538 textis,
445 1453 531 1521 talia
557 1460 657 1538 sunt,
690 1464 730 1521 ut
755 1453 962 1523 comoedias
988 1453 1153 1541 prodant.

385 1552 492 1630 (luae
517 1553 571 1623 sic
589 1555 668 1624 iere
695 1577 742 1623 ex
768 1556 848 1624 sola
864 1553 1116 1645 probabilitate
1133 1546 1314 1644 proposui·

285 1677 382 1739 mus,
424 1655 550 1724 eadem
592 1653 846 1726 confirmantur
883 1652 1062 1725 Pollionis
1100 1653 1225 1724 verbis
1235 1649 1313 1745 ¹⁰³)=

283 1755 387 1845 „Illa
400 1778 488 1825 vero
504 1755 576 1824 iam
599 1779 645 1826 nc
663 1754 833 1827 Caesaris
848 1757 993 1849 quidem
1012 1757 1200 1846 exemplo,
1226 1749 1315 1844 quod

286 1857 459 1953 (Balbus,
500 1853 678 1928 Pollionis
718 1866 887 1949 quaestor
924 1860 961 1928 in
993 1857 1189 1950 Hispania)
1228 1852 1315 1924 ludis

283 1966 506 2052 praetextam
542 1959 587 2028 de
620 1981 687 2030 suo
719 1960 847 2029 itinere
876 1961 921 2030 ad
947 1958 992 2030 L.
1019 1958 1218 2030 Lentulum
1241 1976 1315 2046 pro·

284 2062 469 2132 consulem
491 2061 755 2132 sollicitandum
775 2061 907 2153 posuit.
960 2059 1187 2152 mquidem,
1214 2075 1315 2150 quum
1384 2081 1385 2102 .

284 2171 471 2256 ageretur,
505 2163 624 2250 flevit,
666 2164 840 2233 memoria
870 2185 992 2234 rerum
1017 2169 1201 2254 gestarum
1226 2177 1314 2229 com·
1384 2201 1385 2204 =

282 2273 413 2337 motus.
424 2271 448 2308 ‘⁶
498 2263 570 2334 Hic
594 2265 733 2336 Balbus
761 2262 963 2338 Gaditanus
989 2266 1123 2350 minor,
1159 2262 1204 2334 L.
1233 2258 1313 2330 (ior-

281 2367 368 2438 nelii
400 2365 526 2450 Balbi,
570 2386 635 2456 pro
669 2389 740 2459 qno
774 2366 904 2438 Cicero
942 2366 1162 2452 orationem,
1206 2360 1314 2432 adhuc

282 2468 484 2552 residuam,
510 2466 653 2555 babuit,
678 2468 801 2539 fratris
825 2468 938 2556 filius,
974 2470 1020 2538 ad
1044 2467 1089 2537 L.
1112 2462 1314 2538 Cornelium

282 2568 495 2657 Lentulum,
521 2569 636 2660 primo
657 2569 742 2639 belli
767 2569 883 2640 civilia
909 2592 1003 2638 anno
1030 2570 1234 2654 consulem,
1259 2559 1314 2654 qui

282 2667 516 2763 Pompeium,
542 2672 580 2740 iu
607 2666 802 2742 Graeciam
826 2673 1072 2755 recedentem,
1110 2677 1189 2741 erat
1214 2662 1313 2736 comi·

283 2780 397 2859 tatus,
433 2781 473 2843 nt
498 2772 594 2842 bunc
620 2794 644 2842 a
665 2769 835 2864 Pompeii
860 2773 1121 2843 coniunctione.
1138 2769 1313 2848 avocaret,

284 2869 670 2962 eomloncare,
705 2875 855 2945 nonius
881 2875 1043 2965 partibus
1068 2874 1206 2960 stabat,
1239 2866 1314 2938 mis·

283 2995 347 3052 sus
373 2982 465 3045 erat.
501 2973 575 3045 Sed
601 2998 642 3046 re
666 2975 801 3046 infecta
825 2973 1068 3070 redieratffl).
1107 2974 1192 3046 lam
1216 2985 1313 3041 nemo

284 3099 356 3146 non
370 3077 487 3164 videt,
504 3077 612 3148 vilius
625 3075 774 3149 fabulae
791 3085 1040 3170 argumentum
1054 3069 1191 3164 fnisse,
1214 3088 1314 3165 quam

285 3179 382 3270 quod
412 3179 623 3271 tragoediae
656 3181 834 3272 gravitate
860 3181 1008 3272 dignum
1040 3186 1147 3250 esset.
1198 3173 1313 3246 Minus

283 3301 372 3349 vero
396 3281 523 3351 fabula
548 3283 735 3352 comoedia
761 3304 843 3352 esse
867 3282 1001 3372 potuit,
1034 3303 1143 3373 quum
1170 3278 1313 3356 Battus,

207 3461 211 3473 Ι
284 3380 369 3451 dum
400 3389 556 3473 spectat,
590 3406 663 3454 non
689 3384 735 3453 ad
761 3384 968 3472 ridendum,
1000 3384 1066 3453 sed
1092 3381 1139 3451 ad
1164 3377 1314 3453 flendum

284 3491 565 3555 commoveatur.

366 3583 497 3662 'Quod
535 3585 644 3677 igitur
684 3587 732 3657 ad
765 3609 1000 3680 personarum
1035 3584 1313 3655 introductarum

284 3686 495 3779 dignitatem
513 3689 799 3781 gravitatemque
820 3689 965 3778 attinet,
989 3687 1138 3759 fabulae
1155 3687 1312 3778 praetex-

369 3919 444 4001 102)
472 3920 518 3982 cf.
541 3925 659 3983 Sueton.
682 3923 780 3985 llctar.
798 3925 889 3984 XLV.
918 3957 961 3970 -
994 3920 1068 4005 10³)
1098 3923 1125 3981 iu
1148 3919 1207 3980 Cic.
1228 3909 1312 4005 Epis}-

283 4005 321 4063 nd
342 4003 408 4065 iam.
421 4006 460 4066 X.
483 4015 533 4070 ³2.
563 4039 605 4053 ·-
638 4005 713 4090 104)
740 4010 823 4071 Vidd.
846 4016 958 4091 practer
978 4009 1051 4068 hanc
1070 4008 1157 4088 ipsam
1184 3998 1314 4062 Polliam

284 4087 432 4237 {quanqam
453 4092 514 4153 cie.
540 4094 578 4152 ou
593 4093 653 4154 aa.
674 4094 749 4155 vlu.
772 4102 792 4158 o
818 4102 849 4156 at
871 4103 925 4168 ιι,
959 4093 1015 4154 m.
1033 4101 1068 4165 ος
1104 4091 1176 4152 vat.
1207 4087 1314 4146 Paeo.
