2824 4966
306 387 362 464 36

308 572 381 650 set,
421 564 549 632 eadem
582 561 713 632 deinde
738 547 870 632 ‘fabula
896 549 1156 656 (praeterlata)
1180 549 1329 628 trablata

308 667 418 736 etiam
443 664 562 754 eoepit
588 664 805 755 appellari.“
839 661 1014 734 Similiter
1033 661 1142 731 sentit
1161 658 1226 730 Jn:
1242 658 1327 750 Aug.

306 765 496 838 Ernestins
511 765 586 854 ¹³⁰).
638 762 805 856 (inpetus
820 765 886 861 131)
912 768 1044 849 autem,
1059 762 1157 858 {licet
1178 761 1328 853 praetex-

307 876 420 938 tatam
446 889 511 958 pro
537 868 727 937 comoedia
751 867 899 951 babeat,
929 865 1112 935 trabeales
1135 861 1328 955 tragoedias

306 971 422 1042 fuisse
448 968 701 1064 pronuntiavit.
737 966 812 1039 Sed
826 967 1015 1036 videamus
1029 967 1203 1057 antiquos.
1218 972 1223 998 “·
1238 961 1328 1034 Auu-

307 1093 460 1162 quorum
493 1067 706 1161 scriptorum
734 1064 932 1140 Suetonius
947 1067 1013 1165 ¹³²)
1039 1069 1140 1138 sblus
1165 1067 1329 1136 trabeata·

306 1195 388 1242 rum
419 1171 643 1242 nominatim
660 1170 749 1242 facit
781 1171 1016 1255 mentionem,
1060 1191 1107 1238 ex
1147 1191 1217 1260 quo
1249 1167 1330 1236 baec

308 1294 502 1364 ponamus:
543 1269 619 1360 „n
653 1271 827 1343 Melissus
861 1269 1102 1366 (Maecenatis
1133 1270 1279 1340 libertus
1302 1271 1330 1336 et

307 1374 585 1445 bibliothecae
573 1397 610 1444 m
632 1371 808 1445 Octaviae
834 1375 978 1464 porticu
1002 1371 1226 1468 praelecms)
1240 1372 1331 1437 -'-'ut

307 1476 387 1566 ipse
425 1476 551 1562 tradit,
593 1475 884 1598 scxrrgesimum
893 1475 1022 1545 aetatis
1054 1489 1186 1543 annum
1219 1489 1330 1564 agens,

306 1577 450 1648 libellos
482 1569 782 1670 Ineptiarum,
823 1570 885 1681 qui
916 1593 1012 1646 nunc
1043 1571 1278 1646 ,iocorum
1287 1571 1330 1640 ib·

307 1680 530 1764 scribuntur,
564 1686 781 1782 componere
806 1671 976 1767 instituit,
1007 1672 1236 1770 absolvitque
1258 1677 1330 1744 ben·

306 1785 382 1850 tum
416 1788 452 1848 et
482 1773 758 1870 quinquaginta,
801 1781 929 1874 quibus
963 1786 1008 1850 et
1025 1775 1196 1850 ibimus·
1206 1773 1332 1847 diversi
1390 1847 1391 1852 ,

310 1879 430 1971 operis
457 1888 585 1971 postea
611 1879 778 1951 addidit
796 1879 900 1952 Fecit
919 1873 1101 1951 ethorum
1115 1886 1331 1972 genustoqa-
1390 1863 1391 1904 ι

307 1990 436 2068 tarum,
463 1983 715 2078 inscripsitque
740 1986 988 2054 trabeatus.
998 1983 1024 2026 “'
1069 1981 1238 2076 Togatae
1251 1979 1330 2049 Sue

306 2083 397 2154 lonii
428 2092 591 2174 tempore
628 2085 740 2177 vulgo
773 2086 1011 2155 dicebantur
1026 2081 1241 2154 comoediae
1257 2078 1330 2150 llo·

306 2185 403 2256 mani
444 2187 657 2278 argumenti
717 2179 927 2258 Trabeatac
959 2185 1113 2277 igitur3'
1127 2185 1161 2255 si
1176 2183 1332 2255 inerunt

306 2293 509 2380 togatarum
535 2310 661 2379 genus,
687 2289 921 2378 probabiliter
946 2296 982 2357 et
1006 2285 1108 2378 ipsae
1132 2282 1331 2357 comoediae

304 2389 462 2458 fuerunt
511 2387 633 2464 Quam
658 2391 872 2459 sententiam
889 2389 1083 2460 confirmat
1093 2379 1259 2473 Ovidius,
1280 2380 1331 2476 qui

305 2487 514 2576 Metiscum,
539 2511 645 2581 quem
670 2489 832 2581 quidem,
860 2493 952 2581 qua'e
977 2493 1120 2561 usitate
1134 2487 1331 2560 comoediae
1389 2565 1390 2568 Ἴ

307 2591 537 2676 dicebantur,
578 2590 757 2661 eiusmodi
788 2592 933 2662 fabulas
959 2583 1206 2684 comp'b'silisse
1226 2585 1331 2660 desci-

305 2716 399 2778 mus,
426 2693 496 2763 bac
521 2692 674 2762 ratione
683 2687 981 2814 a'lloqniturlffipz

358 2792 563 2885 „Musaque
585 2792 760 2864 Turrani
772 2795 919 2902 tragicis
945 2793 1070 2866 innixa
1075 2792 1291 2878 notbu'rnls3

432 2893 480 2964 Et
500 2902 564 2964 tua
589 2917 671 2964 cum
697 2919 805 2966 socco
821 2895 949 2983 Musa,
977 2893 1155 3006 Melissa,
1165 2880 1265 2966 levis.
1269 2897 1302 2934 ‘⁶'

306 2993 406 3074 Quin
440 3002 578 3081 autem,
613 2996 697 3066 licet
727 3000 849 3096 plures
879 2988 1059 3069 Melissi
1055 3019 1078 3067 a
1103 2987 1332 3088 scriptoribus

308 3105 643 3184 commemorentur,
671 3091 826 3171 Ovidius
853 3097 965 3185 bunc,
991 3107 1031 3169 bt
1057 3097 1128 3194 qul
1143 3099 1257 3189 ipsius
1280 3115 1332 3163 ac·
1388 3157 1389 3178 ,

304 3198 420 3289 qualis
447 3206 562 3287 esset,
588 3189 874 3292 significaverit,
889 3193 1123 3270 dubitandum
1147 3206 1220 3270 nob
1244 3179 1389 3268 vide·
1388 3251 1389 3298 ,

306 3305 374 3370 tur
423 3295 501 3369 Nec
541 3301 729 3421 quisquam
763 3293 988 3372 caeterorum
1019 3299 1251 3374 Melissornni
1282 3319 1332 3366 co·
1388 3315 1389 3386 g

305 3401 469 3471 moedias
495 3402 683 3494 scripsisse
709 3405 871 3475 traditur
922 3406 1023 3474 Acro
1039 3399 1104 3483 111)
1139 3403 1281 3494 quidem
1303 3403 1333 3466 et

306 3508 413 3572 vetus
427 3499 578 3596 Cruquii
594 3514 856 3576 commentator
870 3506 936 3598 131)
964 3503 1030 3575 Cn.
1047 3491 1237 3575 Melissum
1250 3505 1333 3572 inter

306 3610 510 3696 togatarum
536 3607 730 3697 scriptores
756 3614 986 3694 enumerant3
1011 3591 1076 3676 sed
1084 3605 1217 3696 procul
1232 3600 1331 3674 dubio

179 3743 182 3748 ·
306 3713 455 3798 uterque
481 3705 577 3800 idem
599 3715 655 3798 est
674 3707 873 3796 habendus,
901 3715 938 3778 et
957 3705 1031 3778 Cn.
1057 3709 1266 3778 mutandum
1286 3706 1333 3773 est

392 3933 470 4018 1³0)
491 3939 528 3999 ad
550 3939 668 4001 Sueten.
680 3943 716 4002 de
731 3943 835 4003 illustr.
857 3963 974 4026 gramm.
967 3941 1067 4002 .xxl.
1080 3971 1123 3988 ··-
1144 3938 1220 4021 131)
1238 3939 1332 4000 Obser-
1387 3891 1388 3936 ι

306 4023 972 4110 votet.1o.-—1ar)o01uuso.gr.am
985 4028 1130 4087 xxl.—
1161 4022 1332 4106 raalupirt

308 4105 464 4271 3⁵50th
474 4108 522 4168 lv,
538 4115 588 4172 16.
605 4119 717 4173 30.-
746 4111 825 4194 134)
833 4115 869 4174 ad
880 4115 987 4175 Horat.
990 4113 1082 4192 Epist.
1095 4112 1131 4172 ad
1143 4111 1208 4172 Pir.
1217 4117 1285 4173 288
1296 4133 1333 4153 -

405 4211 415 4250 ι
434 4211 444 4250 ι
464 4211 516 4253 cm.
