2824 4966
284 333 341 412 56

162 547 166 558 ·
287 515 370 604 post
389 509 614 582 comoediam
640 509 749 582 etlam
775 511 866 582 alias
887 509 1032 583 fabulas
1053 510 1271 602 protulisse,
1294 514 1327 582 in

288 613 418 706 quibos
449 609 713 682 Rbinthonieae
745 633 888 704 quoque
919 612 1063 683 fuerint
1120 612 1174 684 Et
1200 615 1329 684 incerta

288 714 432 807 quidem
458 736 517 783 res
544 722 683 799 monet,
708 735 794 784 num
815 712 972 784 Romani
998 714 1108 784 etiam
1130 713 1257 784 Latini
1280 739 1328 786 ar-

289 815 449 912 gumenti
480 815 624 885 fabulas
651 815 911 885 Rhintbonicas
944 837 1102 908 unquam
1133 815 1328 902 habuerint,

289 917 374 987 licet
399 937 529 1006 perse
557 917 634 986 veri
660 939 733 986 non
759 917 933 986 dissimile
957 917 1023 1004 sit‚·
1055 916 1139 989 fieri
1163 919 1328 1008 potuisse,

289 1025 330 1088 ut
355 1016 531 1087 eiusmodi
547 1019 694 1088 fabulae
721 1019 954 1104 exsisterent,
980 1025 1021 1090 ut
1041 1041 1089 1088 ex
1106 1018 1182 1090 boc
1198 1041 1330 1111 quoque

291 1139 424 1210 genere
449 1128 569 1189 essent
585 1118 758 1206 Latinae,
786 1141 879 1211 quae
898 1116 1052 1190 Graecis
1071 1122 1330 1210 responderent

292 1226 328 1289 et
353 1219 390 1288 in
417 1227 559 1312 togatas
584 1221 798 1291 referendae
825 1228 956 1292 essent.
1020 1219 1096 1290 Sed
1125 1223 1160 1290 si
1188 1243 1275 1291 vere
1297 1221 1331 1289 id

291 1321 428 1392 factum
455 1329 571 1408 esset,
597 1321 774 1412 suspicari
797 1323 940 1413 quidem
967 1322 1072 1391 etiam
1099 1323 1230 1410 liceat,
1256 1322 1329 1390 illos

292 1421 376 1492 hoio
401 1443 542 1514 quoque
568 1425 692 1515 generi
710 1421 833 1492 Latini
860 1424 1077 1515 argumenti,
1103 1431 1148 1492 ut
1171 1423 1328 1507 caeteris,

291 1545 427 1593 novum
452 1524 661 1594 inventuros
686 1524 800 1594 fuisse
826 1547 976 1610 nomen,
1009 1547 1077 1594 nec
1103 1523 1328 1608 Diomedem,

292 1625 354 1716 qui
372 1623 528 1720 Romani
554 1629 755 1717 argumenti
772 1628 915 1696 fabulas
941 1621 1205 1696 cumGraecis
1221 1626 1328 1695 uliben-

292 1732 348 1796 ter
374 1739 575 1815 comparat,
613 1725 872 1798 lihintbonioas
898 1747 1047 1818 prorsus
1072 1729 1230 1798 intactas
1254 1725 1328 1796 reli·

293 1835 432 1897 cturum
456 1827 581 1898 fuisse.

784 2047 851 2120 Vl.

394 2190 477 2272 Iam
496 2201 605 2272 bceat
625 2201 821 2294 praecipua
844 2221 981 2288 eorum,
1002 2221 1095 2292 quae
1110 2198 1326 2270 demonstra·

293 2299 392 2374 visse
412 2303 516 2372 nobis
538 2303 713 2390 videmur,
728 2303 853 2395 paucis
867 2309 1040 2404 repetere.
1074 2299 1220 2371 Fabula
1234 2306 1325 2388 toga·

294 2409 343 2490 ta,
371 2403 473 2474 ouius
495 2413 745 2496 argumentum
767 2412 845 2475 erat
857 2402 1079 2488 Romanum,
1106 2410 1149 2472 ut
1165 2401 1326 2492 palliatae

296 2498 491 2590 Graecum,
514 2506 674 2596 perinde,
697 2529 740 2576 ac
757 2508 915 2597 palliata,
932 2506 1060 2576 latiore
1075 2510 1112 2573 et
1126 2501 1325 2595 angustiore

294 2604 555 2698 significatione
570 2611 822 2696 usurpabatur.
848 2606 997 2678 Latiare
1011 2605 1274 2696 significatione
1287 2617 1325 2666 ea

294 2728 360 2800 pro
391 2708 521 2797 triplici
548 2708 670 2798 populi
691 2707 847 2778 Romani
884 2710 1009 2778 ordine
1038 2708 1268 2776 dividebatur
1293 2699 1325 2765 in

295 2815 571 2900 praetextatam,
592 2809 802 2896 trabeatum,
824 2811 1064 2880 tabernariam
1080 2809 1162 2878 sive
1175 2810 1323 2896 togatam

295 2910 503 3000 angustiore
520 2911 791 3000 significatione.
809 2909 1067 2993 Praetextata,
1082 2916 1325 2999 praeterquam
1389 2937 1390 2944 κ

295 3011 513 3101 quodetiam
531 3033 636 3103 reges
663 3021 699 3080 et
721 3012 918 3083 serioribus
938 3013 1159 3100 temporibus
1182 3010 1324 3099 impera·
1389 3003 1390 3016 ¹

295 3117 393 3181 tores
413 3134 556 3206 quoque
578 3115 616 3182 in
636 3114 680 3183 iis
702 3114 1030 3198 introducebantur,
1049 3111 1225 3201 imprimis
1243 3105 1323 3175 ordo
1389 3127 1390 3132 ¹

294 3213 497 3285 senatorius
517 3223 729 3307 argumenta
755 3216 1023 3305 suppeditabat3
1049 3212 1221 3282 trabeatis
1242 3205 1322 3276 ordo

294 3323 478 3406 equester3
495 3318 710 3387 tabernariis
725 3319 813 3396 ordo
829 3317 1002 3406 plebeius.
1031 3313 1142 3392 Quod
1157 3315 1203 3382 ad
1219 3304 1323 3400 digni·

293 3419 405 3485 tatem
420 3423 456 3486 et
473 3417 627 3488 formam
651 3419 786 3504 attinet,
814 3425 1063 3507 praetextatae
1077 3415 1213 3485 similes
1231 3410 1324 3482 erant

294 3518 503 3608 tragoediis,
530 3520 695 3611 aquibus
711 3543 754 3588 eo
770 3519 993 3604 differebant,
1012 3521 1108 3610 quod
1128 3509 1322 3607 tragoedia-

292 3640 373 3689 rum
399 3628 647 3710 argumentum
674 3626 751 3714 erat
776 3621 989 3710 mythicum,
1029 3620 1183 3710 ideoque
1209 3631 1322 3705 perso·

293 3741 381 3806 nae,
408 3719 601 3790 humanam
622 3722 862 3790 conditionem
883 3728 1094 3810 superantes
1102 3771 1112 3807 ,
1140 3722 1176 3788 in
1192 3719 1235 3785 iis
1248 3733 1322 3803 pro·

292 3821 486 3908 cedebant,
519 3823 557 3890 in
582 3825 815 3912 praetextatis
842 3830 967 3891 eontra
986 3845 1165 3912 personae
1191 3810 1322 3887 histori-

295 3943 379 4009 cae3
418 3925 604 3993 trabeatae
638 3925 833 3992 comoediis
861 3921 1015 3996 Graecis
1047 3926 1182 3993 similes
1217 3919 1320 3993 erant,

294 4021 365 4091 nisi
390 4026 486 4116 quod
507 4025 563 4095 his
590 4026 778 4115 graviores
803 4026 919 4094 fuisse
944 4030 1126 4116 putandae
1152 4027 1252 4106 sunt3
1275 4025 1320 4082 ta·

294 4123 484 4197 bernariae
500 4126 697 4197 comoediis
713 4123 866 4198 Graecis
890 4135 991 4200 eraut
1012 4151 1129 4221 pares,
1155 4117 1321 4198 nectabo
