2824 4966
295 337 351 418 58

371 522 406 592 h.
448 515 605 594 Romami
619 522 822 614 argumenti
836 522 916 604 sive
929 533 1121 618 praetexta
1136 527 1214 608 sive
1228 549 1319 622 pruo-

302 647 305 654 ·
446 628 585 695 textam
609 624 688 694 sive
715 631 860 717 togata;

293 721 339 798 Β.
391 724 580 798 comoedia
605 724 736 796 latiore
761 727 1041 819 significatione:

369 846 403 900 a.
450 820 585 902 Graeci
611 830 831 919 argumenti:

445 950 481 1000 α.
515 929 704 1002 comoedia
740 931 821 1006 aive
855 931 1021 1023 palliata,
1061 954 1156 1026 quae
1188 933 1318 1026 proprie

520 1029 662 1116 dieitur,

389 1125 482 1222 ..β
515 1131 845 1222 tragieoeomoedia
859 1133 938 1204 sive
952 1131 1205 1224 Rhinthoaiea,
1216 1131 1317 1209 Grue-

518 1231 570 1304 cia
555 1229 923 1350 ὶλαροτραγωὸιά
891 1256 971 1308 ervo
973 1230 1127 1329 Ἰταλικὴ
1136 1231 1317 1330 κωμωδία,

340 1409 344 1420 Ι
441 1354 477 1427 y.
516 1334 663 1422 mimus,
697 1337 757 1426 qui
782 1338 927 1428 proprie
952 1337 1101 1434 dieitur3

366 1432 399 1504 b.
442 1430 564 1509 Latini
591 1438 812 1527 argumenti:

441 1554 476 1604 a.
510 1538 685 1624 trabeata,

439 1631 479 1736 β.
513 1642 657 1735 togata,
697 1661 791 1731 quae
815 1639 961 1735 proprie
986 1640 1134 1729 dieitur,
1170 1641 1249 1712 sive
1273 1647 1316 1710 ta·

516 1739 695 1826 ternaria,

440 1840 700 1938 yaAtellana7

413 1862 479 2010 d.
508 1941 716 2036 planipedia
740 1943 819 2013 slve
839 1943 1087 2036 planipedaria
1111 1945 1192 2020 eive
1213 1943 1316 2036 plaui-

287 2137 329 2214 ⁰
371 2065 577 2234 Swopam
604 2045 822 2144 (riciniata);

757 2347 847 2422 vll.

384 2513 527 2603 Mores,
555 2515 617 2608 qui
641 2517 679 2590 in
694 2516 828 2591 fabulis
846 2517 981 2609 togatis
1004 2517 1315 2608 repraesentaban-

284 2622 359 2703 tur,
387 2618 531 2688 omnino
557 2625 660 2693 eraut
684 2620 823 2694 urbani.
875 2617 954 2690 Nee
969 2639 1059 2692 vero
1080 2639 1226 2710 semper
1245 2620 1315 2710 ipsa

282 2720 370 2815 urbs
401 2728 607 2812 togatarum
642 2741 775 2790 scaena
813 2720 894 2792 tuit.
946 2719 1058 2802 Quod
1091 2722 1237 2814 quidem
1275 2719 1316 2788 ad

165 2903 169 2910 ,
282 2827 530 2908 praetextatae
555 2822 699 2907 attinet,
737 2844 849 2914 supra
873 2831 1110 2898 monstratum
1137 2829 1211 2909 eet,
1249 2841 1316 2891 non

282 2920 320 2988 in
344 2923 433 2990 urbe
459 2929 595 3000 tantum
621 2931 743 3015 togam
767 2931 992 3014 praetextam
1017 2931 1197 3016 gestatam
1224 2943 1315 3010 esse3
1389 3011 1390 3016 Ἰ

280 3027 322 3091 ut
341 3024 402 3092 vel
423 3023 506 3093 iude
531 3025 708 3116 suspicari
724 3024 850 3112 liceat,
875 3032 1020 3114 praeter
1037 3026 1151 3116 ipsum
1166 3019 1315 3096 Romam

135 3180 146 3193 -
282 3123 391 3203 dium
423 3125 496 3203 alia
527 3127 610 3202 loea
634 3128 868 3218 praetextatis
896 3149 1065 3204 seueram
1090 3128 1315 3218 praebuisse

281 3227 376 3317 quod
406 3229 675 3297 confirmatur
663 3228 727 3315 ris,
762 3249 855 3320 quae
882 3249 991 3318 super
1012 3228 1106 3302 Attii
1126 3228 1243 3298 Bruto
1268 3233 1314 3296 at·

281 3349 351 3420 que
378 3351 422 3402 ea
446 3331 599 3416 fabella,
633 3352 727 3430 quae
754 3330 799 3406 de
824 3329 934 3401 Balbi
957 3329 1086 3408 itinere
1112 3331 1160 3408 ad
1184 3329 1314 3402 Lentu·

126 3414 156 3456 ‘·
280 3429 356 3504 lura
380 3432 478 3508 faeta
505 3439 600 3524 erat,
636 3432 804 3508 diximus
862 3429 942 3507 Neo
975 3432 1139 3508 dubitare
1172 3453 1240 3504 nos
1272 3428 1314 3500 si·

279 3541 369 3602 nunt
391 3533 614 3624 fragmenta,
641 3535 726 3630 quia
745 3532 841 3610 Attii
861 3532 1119 3612 Aeneadarum
1144 3534 1224 3605 sive
1245 3529 1313 3606 De·

143 3622 148 3633 '
220 3723 225 3732 .
280 3634 327 3703 eii
359 3655 493 3704 scaena
525 3636 617 3706 alius
632 3635 760 3706 tuerit
784 3635 905 3722 loeus,
942 3635 1087 3728 atque
1075 3656 1155 3726 ipsa
1181 3631 1314 3720 Roma;

279 3738 375 3827 quod
406 3736 503 3806 idem
529 3737 638 3806 etiam
670 3738 717 3807 de
741 3733 897 3808 Pacuvii
921 3734 1054 3806 Paullo
1085 3758 1133 3806 ex
1156 3734 1313 3828 reliquiis

237 3924 241 3935 Ι
278 3843 437 3907 statuere
462 3839 594 3908 licebit.
655 3837 756 3916 Quin
781 3860 890 3935 quum
914 3844 1185 3928 praetextatum
1211 3856 1312 3928 argu·

277 3947 399 4010 menta
438 3961 485 4010 ex
525 3939 676 4010 historia
707 3937 874 4010 Romana
912 3946 1137 4030 peterentur,
1185 3958 1312 4030 resque

175 4110 183 4124 ‚
279 4041 467 4133 egregiae,
494 4041 595 4114 hisee
615 4041 749 4113 fabulis
768 4041 940 4128 idoneae,
967 4041 1112 4134 saepius
1138 4040 1236 4128 alibi,
1262 4042 1311 4108 at·

279 4163 350 4234 que
374 4143 413 4213 in
435 4141 517 4238 ipsa
540 4145 650 4233 urbe,
691 4150 818 4238 gestae
850 4149 991 4236 esseut,
1030 4142 1175 4222 omnino
1206 4140 1312 4219 etiam
