2772 4968
262 335 345 416 lffl

264 511 436 593 Pomponius
456 512 486 573 in
508 512 578 572 Lari
597 511 747 572 familiari:
769 514 841 571 θιο
862 521 917 584 te,
951 514 1086 584 Basse,
1108 532 1170 592 par
1189 512 1295 572 lautas

266 604 376 660 tuas.“
418 597 538 657 Botliius
560 599 596 658 ad
612 598 698 657 Nonii
719 598 808 656 locum
825 599 954 658 allatum:
978 598 1134 678 „Apparet
1155 598 1226 658 idam
1240 617 1295 656 asse

266 683 321 758 lieo
346 681 536 764 fragmentum
569 703 603 742 ao
624 683 829 754 Ferentinatis,
861 691 894 741 ιι
915 683 1017 761 duplici
1039 681 1151 741 nomine
1173 682 1296 762 inscripta

266 767 354 829 fuerit
382 767 488 828 sabula.
536 767 637 829 Verior
666 773 757 826 antem
792 768 903 828 videtur
933 767 1020 826 Nonii
1054 767 1194 847 scripturn
1224 787 1297 845 quan

267 853 439 914 Prisciani.“
481 852 526 912 De
548 852 629 912 titulo
651 853 716 914 vide
737 873 790 911 nos
811 853 840 911 in
862 851 919 913 fine
939 853 1023 912 hnins
1043 850 1156 911 fabulae
1177 853 1296 930 reliquia-

267 958 338 998 ιιιι.
369 937 558 998 Fonticula
586 944 617 997 et
637 937 796 997 sententiae
825 945 855 995 et
876 937 956 996 metri
978 935 1074 1018 gratia
1096 935 1297 1016 praeferendum

268 1023 388 1084 videtur.
430 1023 561 1082 Laetis
589 1023 728 1104 agnina
759 1042 797 1082 ex
822 1020 963 1081 Prisciani
989 1022 1098 1101 quidem
1125 1021 1218 1083 verbis
1248 1041 1296 1080 ιοι

269 1127 342 1188 opus
369 1113 413 1166 ent
440 1107 579 1180 scribere,
613 1115 646 1166 ut
675 1127 713 1168 sn
741 1108 831 1166 altero
853 1108 934 1178 loco,
967 1127 1004 1165 ex
1026 1106 1182 1185 Pomponio
1204 1105 1297 1176 addito,

166 1259 170 1266 ,
270 1198 397 1272 apparat.
442 1193 589 1271 Quumque
611 1191 818 1271 apudllonium
831 1149 960 1274 laganis
981 1191 1113 1250 Lactes
1135 1191 1298 1286 agninas,

270 1284 301 1337 at
321 1276 466 1358 singulare
488 1276 611 1350 lactis,
633 1278 717 1356 quod,
739 1283 872 1355 qnantum
895 1275 964 1348 scio,
986 1268 1059 1335 alibi
1075 1295 1208 1354 nusquam
1229 1275 1298 1356 ιυρι-

270 1360 351 1437 nitur,
373 1381 437 1420 num
460 1380 580 1440 unquam
604 1359 631 1421 in
653 1382 706 1421 usu
727 1360 814 1421 luerit
836 1361 946 1420 dulium
967 1361 1057 1422 videri
1075 1362 1175 1440 possit,
1198 1361 1298 1418 omnino

271 1445 333 1506 inne
353 1445 483 1506 linthium
504 1443 589 1506 Nonii
610 1447 775 1526 scripturam
797 1445 943 1525 praeferre
963 1453 1041 1524 puto.
1070 1446 1206 1504 Fortasse
1225 1443 1299 1504 libra·

271 1529 341 1602 rius,
363 1551 446 1609 quum
468 1530 616 1610 Pomponii
638 1532 728 1590 locum
752 1532 873 1589 nondum
894 1531 1031 1612 legisset,
1057 1529 1196 1590 Prisciani
1218 1528 1299 1590 uerbis

272 1615 423 1694 deceptus,
452 1615 571 1675 lactea
598 1616 642 1676 vel
670 1616 782 1676 lactis
811 1616 966 1697 agninas
994 1616 1154 1674 mutandum
1182 1616 1299 1694 opinatus

272 1706 318 1759 est
338 1700 366 1759 in
388 1699 497 1759 laetis
519 1699 667 1781 agnina,
697 1701 772 1778 quod
794 1701 909 1772 deinde,
932 1700 1041 1759 etiamsi
1062 1721 1094 1759 ae
1115 1720 1226 1760 amasse
1245 1720 1299 1760 sen-

272 1783 351 1858 serit,
373 1802 410 1844 ns
431 1783 503 1844 liber
524 1784 775 1857 contaminaretur,
794 1785 940 1867 corrigere
963 1783 1062 1844 noluit.

768 1954 817 2013 W.

267 2122 275 2147 .
356 2086 466 2148 Nonius
487 2109 514 2167 p.
532 2091 594 2150 496
617 2088 661 2148 ad.
682 2089 786 2150 Mero:
820 2087 995 2161 „Gonitivos
1021 2107 1104 2148 nasus
1131 2088 1299 2168 posituspro

274 2173 447 2235 onomativo.
492 2173 619 2234 Titinius
641 2173 670 2235 in
690 2172 831 2237 Psaltria:

316 2256 420 2318 Dicis
442 2263 494 2329 tu,
523 2277 674 2336 quaeso,
701 2278 768 2338 qno
794 2265 830 2318 te
851 2257 1041 2319 avortistil
1063 2256 1129 2318 mei
1150 2257 1299 2328 fastidis,

315 2361 412 2403 meaa
433 2299 622 2402 deliniaef‘

145 2478 153 2495 ,
274 2419 446 2490 Psaltria.
476 2427 545 2494 Vsu·
565 2427 588 2489 Ι.
609 2427 644 2486 ΙΙ.
674 2425 742 2487 Par
764 2427 960 2489 altena-
988 2426 1100 2488 Dicis
1127 2384 1196 2487 lun.
1222 2447 1300 2508 marg.

273 2511 353 2574 llio
384 2511 548 2574 Gulielmius
581 2512 699 2577 (tuaest.
736 2511 764 2571 in
796 2512 891 2573 Plaut.
919 2513 985 2571 Cas.
1007 2512 1056 2571 ΙΙΙ.
1098 2511 1165 2572 Dic
1191 2513 1247 2571 sis
1266 2543 1300 2558 -

275 2613 343 2675 quo
377 2603 419 2656 te.
448 2596 511 2655 Aid.
540 2616 607 2676 quo
638 2616 656 2656 a
685 2605 799 2662 t,e.—
788 2656 790 2664 ,
830 2597 1034 2674 ιιιιιι.,,ᾼΙιΙ.
1061 2597 1129 2666 Bas.
1157 2599 1252 2677 Stepln.
1275 2594 1300 2654 si

186 2742 190 2755 ,
272 2699 434 2742 mooe.—
393 2679 614 2744 -deliciae
642 2682 715 2744 Ven.
729 2681 801 2740 l.ll
817 2680 998 2752 laetitiae.
1018 2681 1087 2741 Pan.
1109 2681 1301 2750 letitiaer-

274 2765 394 2826 Bothius
416 2765 549 2827 edidit:-

188 2916 194 2930 ι
317 2849 521 2921 -Dicito,
543 2808 1063 2928 quaesollluoteavortistil
1144 2855 1147 2860 “

316 2934 419 2995 Mein’
437 2892 608 3008 lasiidis,
630 2954 725 2994 meae
747 2934 923 2995 deliciosi
980 2985 982 2990 .

274 3017 410 3078 Fortasse
431 2977 622 3078 scribendum.

323 3101 396 3176 Dio
420 3094 531 3190 istud,
558 3125 705 3197 quaeso.
747 3095 835 3181 Quo
861 3111 897 3174 te
923 3095 1111 3174 avertistii
1136 3103 1214 3176 Mei

325 3195 500 3292 Fastidis,
526 3227 630 3276 meae
656 3196 909 3276 deliciosi-

774 3390 809 3450 V.

360 3523 471 3584 Nonius
497 3545 525 3605 p.
517 3528 602 3586 ‚504
630 3526 674 3586 od.
701 3524 806 3586 Mera:
834 3525 966 3598 L„avit
992 3547 1044 3606 pro
1073 3528 1223 3589 lavat—
1241 3523 1300 3584 luda

171 3646 177 3665 .
277 3608 442 3714 imperativo
463 3609 546 3668 modo
568 3609 681 3671 lavite
701 3608 772 3670 lacit
792 3569 949 3670 Tilinius'
940 3629 970 3670 ιι
991 3611 1131 3672 Psalmis:

241 3716 250 3728 ·
324 3683 459 3765 Manias
485 3695 596 3766 lavite
622 3685 796 3782 milleris,
823 3704 860 3766 et
885 3687 995 3788 culpat
1020 3699 1054 3766 ei
1078 3688 1210 3770 velate.
1214 3701 1237 3738 ‘⁶

152 3789 161 3807 ‘
209 3840 213 3851 .
274 3794 449 3856 mulionis.
476 3795 526 3855 Sic
552 3795 625 3856 libri.
648 3796 988 3879 Sehegkiusl’raemess.
1005 3799 1044 3858 X.
1073 3798 1246 3858 mulieres.
1265 3823 1300 3838 -

137 3863 140 3872 Ι
252 3881 445 4025 'misici‘
473 3881 543 3942 lsson
562 3882 585 3940 l.
604 3881 640 3941 ll.
668 3882 731 3940 Ald.
759 3883 889 3962 capite.
922 3883 1016 3964 Vulgo
1044 3885 1174 3964 sopita.
1194 3879 1300 3942 Botiius

332 3985 341 4023 ι

315 4050 439 4110 Manus
459 4049 635 4122 lavitote,
656 4050 841 4124 mulieres,
863 4057 899 4113 et
919 4053 1040 4134 capita
1060 4055 1229 4115 velatota.

274 4134 369 4201 Quam
389 4135 557 4217 ιιιίριιιιιι
577 4135 624 4198 val
645 4135 734 4218 ipsius
755 4095 841 4198 Nonii
859 4139 950 4200 verba
967 4140 1109 4202 damnant.
