2824 4966
1095 357 1145 434 dl

103 542 272 628 togatam
302 537 571 624 praetextatam
603 551 626 600 a
657 530 848 622 tragoedia
873 527 1018 602 differre
1048 531 1147 620 dica,

104 638 203 731 quod
229 636 268 706 iu
299 633 491 726 tragoedia
523 633 656 704 heroes
692 631 926 729 inducantur,
970 631 1008 704 in
1042 655 1147 724 prae·

103 746 247 811 textata
286 746 410 808 autem
447 734 628 806 scribatur
657 733 795 806 Brutus
826 733 888 804 vel
919 730 1057 806 Decius
1086 736 1148 806 vel

102 839 315 912 Marcellus.
367 837 426 908 Ac
458 839 532 908 iam
562 843 662 908 certo
686 836 918 927 pronuntiare
942 857 1147 926 possumus,

101 965 199 1035 quae
225 942 307 1012 sola
332 963 380 1010 ex
403 938 474 1009 boc
495 961 630 1032 genere
649 946 807 1029 superat,
833 936 998 1008 Senecae
1019 935 1146 1026 Octa·

103 1045 242 1129 viam,
282 1063 374 1134 opas
400 1042 491 1114 illud
522 1040 889 1130 imperfectissimum,
922 1046 1147 1131 praetextam
1247 1026 1288 1058 '⁸

12 1195 19 1207 -
103 1167 200 1231 esse,
227 1144 344 1236 eique,
369 1141 466 1234 quod
491 1143 539 1212 ad
562 1143 717 1214 formam
738 1141 875 1228 attinet,
901 1163 1026 1212 omnes
1041 1143 1146 1214 labu-

101 1249 159 1317 las
191 1251 441 1338 praetextatas
472 1245 609 1314 similes
643 1244 769 1315 luisse.
819 1241 912 1313 Erat
936 1252 1058 1314 autem
1083 1265 1145 1314 aa·

102 1359 190 1420 tura
210 1353 480 1438 praetextatum
504 1346 797 1436 incomparata,
823 1352 864 1414 ut
877 1367 945 1414 eae
964 1345 1147 1418 interdum

30 1503 37 1522 .
102 1470 344 1542 personarum
374 1447 554 1540 gravitate
577 1448 744 1538 proxime
773 1447 823 1516 ad
847 1447 1056 1538 tragoedias
1086 1469 1145 1520 ac·
1196 1477 1202 1488 ·

96 1553 289 1622 aederent
339 1547 452 1628 Quod
475 1555 551 1630 tum
575 1551 712 1620 factum
733 1553 800 1634 est,
825 1569 935 1640 quum
955 1556 1018 1619 aut
1032 1547 1145 1618 homi·

103 1675 170 1724 nes
196 1653 436 1737 excellentes,
462 1673 513 1722 ex
536 1650 748 1743 antiquitate
773 1650 970 1741 desumpti,
996 1658 1059 1722 aut
1083 1650 1147 1744 qui

102 1756 245 1847 primas
266 1762 389 1845 partes
413 1753 453 1822 in
477 1753 662 1844 republica
687 1753 748 1822 vel
772 1753 1033 1824 recentioribus
1057 1759 1145 1826 tem·

102 1859 255 1948 poribus
268 1863 430 1947 egerant,
454 1855 675 1926 inseaenam
690 1855 1018 1926 introducebantur.
1052 1853 1146 1932 aaa

103 1965 161 2030 est
187 1958 295 2044 enim,
322 1956 384 2050 qai
408 1957 488 2026 iure
513 1964 633 2050 neget,
659 1959 696 2028 ln
715 1956 809 2027 Attii
829 1955 944 2028 Bruto
970 1955 1146 2030 maiorem

102 2058 314 2130 necessario
345 2058 461 2130 luisse
493 2061 728 2152 gravitatem,
767 2079 874 2148 quam
906 2057 944 2126 in
970 2078 1015 2126 ea
1039 2077 1145 2147 prae·

103 2168 218 2248 texta,
245 2181 341 2254 quae
365 2161 465 2232 lacta
489 2167 570 2230 erat
594 2161 641 2229 de
664 2160 774 2230 Balbi
794 2157 997 2250 quaestoria
1016 2158 1146 2230 itinera

104 2266 155 2334 ad
179 2259 397 2334 Lentuluml
435 2261 566 2355 Itaque
597 2261 744 2332 addueti
769 2267 854 2332 sunt
876 2259 1057 2346 nonnulli,
1092 2268 1144 2350 nt,

103 2385 179 2436 non
202 2371 432 2456 reputantes,
458 2364 727 2456 tragoediarum
752 2361 909 2452 mythice
934 2369 1146 2454 argumenta

105 2467 190 2537 es'se
220 2466 385 2559 propria,
419 2465 592 2557 imprimis
618 2466 666 2534 ad
689 2465 877 2557 maiores
903 2472 1144 2554 praetextata·

102 2591 187 2638 rum
209 2571 438 2660 formamque
461 2589 588 2638 earum
611 2575 828 2658 spectantes,
855 2567 1059 2658 tragoedias
1074 2571 1144 2640 'eas

102 2669 294 2742 nominare
325 2691 398 2739 non
430 2668 653 2756 dubitarent3
684 2689 778 2760 quae
812 2667 1004 2758 appellatio
1030 2689 1145 2740 aurea

90 2772 250 2864 „quidem
276 2771 476 2842 litterarum
489 2768 736 2841 Romanarum
761 2775 880 2840 aetate
903 2769 1018 2840 luisse
1043 2769 1143 2840 vide·

103 2855 164 2944 tu'l·
196 2873 326 2942 aliena
387 2871 495 2950 Quae
534 2881 655 2943 autem
694 2869 803 2940 bodie
843 2877 899 2942 eat
933 2871 1144 2963 tragoediae

101 2975 205 3045 notio
231 2974 431 3060 dilatatior,
466 2994 575 3067 quam
600 2975 647 3044 de
670 2972 871 3065 tragoediis
895 2971 1065 3044 universe
1089 2972 1143 3044 lo·

102 3075 266 3168 quimur,
305 3077 383 3146 lure
414 3076 453 3144 ia
485 3097 611 3146 earum
634 3095 824 3144 nnmerum
848 3074 985 3145 referre
1010 3075 1143 3165 poteri·

103 3199 187 3248 mus
226 3179 267 3248 et
301 3174 500 3267 Phrynicbi
531 3176 776 3268 Aeschylique
814 3197 862 3246 ac
891 3174 1143 3267 Lycophronis

102 3279 250 3352 fabulas
280 3286 498 3350 memoratas
538 3285 574 3348 et
605 3275 851 3349 Romanorum
883 3283 1143 3368 praetextatas,

103 3403 258 3474 qurum
294 3381 413 3452 exitus
438 3393 627 3471 praeterea
650 3381 860 3473 pleramque
884 3380 1005 3450 tristes
1027 3379 1143 3454 fuisse

102 3483 291 3570 uidentur,
331 3491 372 3554 ut
408 3503 485 3553 non
518 3483 636 3554 solum
667 3479 833 3554 Senecae
866 3476 1041 3569 Octauia,
1076 3480 1144 3554 sed

102 3749 331 3820 ιιιοιιωιιω,
345 3717 706 3831 ntemviaaa'goeaa
718 3747 1140 3828 „manauraemaaaapa

102 3835 250 3905 Omten,
277 3833 412 3908 Clrlaeu,
445 3841 475 3894 et
488 3833 546 3894 aa
567 3834 676 3894 sinilia.
719 3835 750 3892 ln
772 3841 952 3914 praetextata
973 3841 1065 3893 amen
1086 3844 1147 3911 qua

102 3919 297 3979 inscribuntur
317 3919 432 3979 nonina
451 3917 571 3990 Latina,
593 3925 626 3978 ut
645 3919 751 3978 Brutum
770 3919 817 3980 vel
838 3919 985 3989 lleeius,“
1017 3915 1142 3978 alelen

103 4003 296 4064 mandandus
318 4009 376 4062 eut:
405 4004 552 4086 „Togata
578 4011 759 4084 praetextata
784 4001 974 4085 atragoedia
994 4000 1156 4062 diliert-'

103 4089 249 4161 brutam,
278 4089 421 4166 Chrysen,
446 4095 477 4148 et
496 4088 540 4148 bia
561 4088 676 4163 rimilia3
697 4089 726 4148 iu
748 4077 928 4169 praetextata
947 4091 1056 4160 tutan,
1081 4107 1139 4168 que

103 4172 295 4232 inscribuntut
315 4173 428 4233 nonlua
447 4173 562 4246 Latina,
582 4175 688 4234 eruas
709 4173 753 4234 vel
773 4173 917 4233 θωὴν(
