2790 4970
268 299 356 383 264

321 473 384 549 uu
408 475 645 569 flagriouibus
671 525 830 548 .....
841 481 865 522 “

268 578 342 637 Part
382 576 633 659 flegriurribur
675 577 809 639 nonnulle
851 575 1029 638 exciderant.
1087 575 1134 637 cl.
1176 576 1303 660 Privigui,

269 661 372 746 regu.
393 662 444 720 ιιι.

775 794 808 856 v.

353 913 462 975 Neriur
483 935 511 994 p.
525 919 568 976 40
589 912 634 973 erl.
655 914 760 974 llere:
793 913 1036 986 „Tintinuire
1062 913 1165 975 dicitur
1190 932 1294 986 reram

269 993 345 1061 uuile
366 1008 396 1060 et
417 997 604 1058 tintinnabula
624 1007 690 1058 eunt
711 1000 861 1078 appellata.
904 997 1039 1058 Alrauim
1061 999 1089 1057 ίιι
1113 998 1245 1077 vopisco:

320 1100 525 1174 'l'iutiuu'ue
551 1091 717 1170 irinitoris
743 1091 999 1192 impedimenta
1024 1101 1179 1170 audio.“

269 1219 497 1280 Tintinnire.
530 1216 580 1276 Sic
607 1217 670 1276 eod.
693 1218 812 1298 Guelplr.
841 1236 952 1276 ecurr.
974 1223 1004 1276 et
1025 1217 1092 1276 lun.
1136 1216 1227 1298 Vulgo
1246 1215 1296 1274 Ti-

270 1305 417 1364 tinnire.
439 1335 481 1346 -
509 1300 759 1362 tintinnabula
784 1302 851 1360 Juu.
895 1302 964 1360 cod.
987 1303 1107 1381 Guclplr.
1139 1301 1295 1362 Veu.l.ll.

268 1389 332 1450 Au.
364 1389 452 1448 llere.
487 1385 720 1447 titinuacula.
760 1388 828 1446 Par.
858 1387 925 1445 Bae.
958 1386 1196 1445 titinnabula.
1241 1386 1296 1443 lun.

269 1493 360 1555 marg.
382 1469 637 1532 tintinnacule.
658 1503 700 1514 -
721 1472 802 1550 Apud
818 1472 931 1529 Festum
947 1472 1187 1543 v.Titiuuire,
1208 1469 1296 1530 schel

269 1579 297 1638 p.
310 1567 349 1619 9¹2
368 1558 412 1616 ed.
430 1559 549 1626 llucer.,
577 1574 615 1613 ex
636 1554 769 1626 Afranio,
793 1554 889 1614 fabula
911 1576 966 1614 nan
990 1557 1149 1626 nominata,
1171 1557 1236 1614 lraec
1255 1573 1296 1632 pa·

269 1650 391 1702 uruntur:
415 1638 597 1712 „ostiarii
618 1639 867 1720 impedimenta
888 1639 1024 1699 tiuuire
1046 1638 1164 1718 (Seleu.
1187 1640 1297 1698 tintin-

269 1725 362 1806 nire)
386 1725 528 1784 audic.“
571 1724 682 1796 „Quod
702 1723 809 1784 frustra
831 1729 915 1796 eet,“
946 1725 1037 1803 iuquit
1056 1725 1192 1796 Rutilius,
1221 1743 1296 1798 „curu

268 1811 416 1870 Nouianae
438 1809 594 1887 scripturae
614 1807 740 1888 praefert
761 1809 907 1869 Ducarius.
951 1811 1081 1868 Ceterum
1106 1817 1185 1868 reete
1206 1815 1294 1878 munel,

269 1895 379 1955 ostiarii
406 1893 465 1954 rive
492 1893 621 1952 ianitoris
646 1893 845 1974 impedimenta
872 1913 936 1953 esee
957 1901 1090 1965 catenae,
1122 1895 1220 1973 quibus
1239 1913 1295 1952 een·

269 1981 385 2041 strictus
407 1979 575 2040 excubabat.
617 1978 681 2038 vicl.
702 1977 850 2039 Heindorf.
872 1979 908 2038 ed
923 1979 1022 2038 llorat
1045 1980 1108 2038 Sat.
1126 1988 1156 2056 2,
1177 1987 1207 2052 7,
1227 1980 1293 2039 45.“

766 2130 814 2190 vl.
1364 2141 1365 2224 p

354 2246 463 2308 Nonius
483 2268 512 2327 p.
525 2254 567 2310 97
582 2246 626 2308 ed.
636 2248 741 2308 llere:
764 2248 970 2320 ‚,l)eamare,
991 2247 1185 2309 vehementius
1205 2265 1294 2307 amaa

270 2330 405 2392 Afreuire
426 2333 455 2392 in
477 2332 616 2412 Vopiseu:

320 2432 551 2526 Voluptatem
582 2433 685 2526 capio
715 2424 943 2520 mzixumam,
983 2425 1141 2506 cruciari
1178 2438 1294 2503 tuate

879 2537 996 2627 culpa,

322 2634 398 2714 (lui
427 2625 474 2706 de
502 2641 538 2706 te
565 2641 602 2706 et
629 2635 674 2706 de
705 2635 768 2706 illa
795 2635 980 2729 pessume,
1013 2657 1123 2728 quam
1150 2637 1293 2720 deamas,

879 2739 1126 2828 promerere.“
1138 2799 1139 2802 ,

271 2852 506 2932 Voluptatem.
547 2853 617 2912 uod.
654 2853 773 2932 Guelplr.
807 2854 1039 2914 voluntatem.
1066 2887 1111 2902 --
1142 2849 1292 2915 cruciari

270 2937 379 2997 veel.
398 2938 435 2997 ll.
457 2937 641 2997 cruciarii.
663 2969 706 2981 -·
727 2946 786 2996 tua
807 2947 851 2998 tc.
880 2940 951 2998 Veu.
973 2941 995 2998 l.
1018 2941 1052 2998 ll.
1080 2939 1124 2999 rle
1144 2947 1211 3000 tua.
1236 2937 1292 2995 Par.

271 3028 307 3080 te
337 3027 409 3082 tua.
439 3055 480 3066 -
513 3022 580 3089 (lul
610 3024 651 3082 de
680 3029 719 3081 te
750 3030 784 3081 et
811 3024 861 3083 dc.
900 3025 970 3083 ced.
992 3024 1112 3102 Guelph.
1136 3044 1173 3083 ex
1199 3019 1292 3082 curcul.

271 3106 355 3184 quid
377 3113 411 3166 et
432 3113 467 3165 ct
488 3107 538 3166 (le.
571 3107 640 3166 Ven.
663 3108 685 3165 l.
708 3107 743 3165 ll.
777 3109 844 3166 Par.
872 3109 929 3187 qui
957 3110 1016 3168 det
1043 3110 1092 3168 de.
1126 3110 1188 3167 ΑΜ.
1210 3105 1291 3184 Steplr.

271 3190 339 3249 Juu.
361 3191 501 3269 quidet
523 3193 628 3250 etde.
658 3192 725 3251 Bae.
755 3192 812 3270 qui
834 3193 894 3252 (let
916 3195 1019 3272 eulpa
1040 3201 1076 3252 et
1097 3195 1147 3252 rle.
1178 3191 1292 3270 Scaliger

272 3275 331 3352 qui
353 3277 449 3335 dete
471 3282 515 3335 et.
557 3277 714 3335 Palmerius
735 3276 763 3334 iu
786 3277 937 3358 Spicileg„
965 3280 1046 3337 Grut.
1069 3279 1160 3339 Thes.
1182 3277 1238 3336 crit.
1258 3272 1289 3329 u.

271 3358 319 3417 lv.
341 3365 462 3438 pm,
492 3359 620 3439 quippe
647 3369 683 3419 et
711 3362 760 3419 de.
785 3395 824 3407 -
851 3382 1011 3441 pessume
1033 3397 1074 3408 --
1095 3355 1289 3441 promerere.

271 3442 342 3502 Veu.
363 3445 386 3503 1.
407 3445 443 3502 ll.
475 3445 541 3503 Par.
570 3445 633 3505 ΑΜ.
661 3445 727 3504 Bae.
755 3447 853 3524 Steph.
881 3466 1044 3526 pessuma
1069 3481 1112 3492 -·
1138 3459 1289 3525 proruere.

273 3528 404 3610 Scaliger
423 3531 578 3607 pessima
598 3563 640 3574 -
660 3549 854 3609 promeres.

763 3683 823 3742 vn.

356 3797 465 3856 Nouius
485 3819 513 3876 p.
527 3805 589 3858 110
608 3797 652 3858 ed.
667 3800 770 3859 llere:
791 3799 1062 3872 „fidelitatem
1084 3800 1113 3860 id
1134 3807 1189 3870 est,
1208 3794 1287 3854 fidem·

273 3909 315 3922 -
334 3879 468 3941 Afranius
489 3881 518 3942 in
540 3882 679 3962 Vopisea:

323 4022 374 4034 -—
390 3981 435 4052 Id
450 3992 505 4054 est
519 3984 613 4054 intus
629 3991 755 4059 actum.
782 3985 898 4058 Periit
912 3987 1023 4079 uipera
1036 3987 1196 4058 nimirum
1207 3997 1284 4052 mea·

324 4081 380 4152 lla
406 4076 465 4154 {iio
491 4077 718 4158 fidelitltu.“
743 4130 794 4140 -
