2824 4966
227 325 281 404 lt

219 503 329 576 :lccct
357 497 658 591 ‚,0rebastra,
680 501 793 576 locus·
812 497 850 572 in
873 515 1124 597 scaena,'quo
1152 505 1272 593 antea,

140 637 142 642 ·
228 603 292 700 qui
315 625 412 676 nanc
429 603 640 696 planipedes
666 605 912 698 appellantur,
926 609 1010 675 *non
1037 605 1274 679 admitteban-

229 715 288 780 tur
311 705 524 794 histriones,
563 707 634 779 nisi
658 713 798 778 tantum
828 705 974 778 interim
1006 706 1093 781 (lum
1123 709 1274 781 fabulae

221 808 515 900 explicarentur,
554 827 650 902 qnae
672 808 753 880 sine
779 807 867 901 ipsis
901 807 1077 902 explicari
1109 831 1183 880 non
1207 829 1273 902 po-

228 913 392 983 terant.“
440 907 569 980 Sullae
600 916 722 982 antem
748 911 921 982 extremis
945 913 1026 982 fere
1049 911 1274 1004 temporibus

227 1011 440 1106 planipedes
463 1010 518 1082 illi
541 1033 566 1082 a
590 1013 779 1083 comoedia
804 1035 846 1084 ae
871 1010 1126 1112 segregarem)
1151 1035 1196 1085 ac
1215 1035 1275 1086 se-

227 1113 383 1206 paratim
421 1132 508 1186 suas
545 1114 691 1186 fabulas
730 1135 842 1207 agere
881 1121 1092 1206 coeperunt
1149 1115 1273 1207 Argu·

228 1222 351 1288 menta
374 1215 504 1286 barum
528 1217 752 1306 fabularum,
787 1215 921 1310 qnippe
946 1237 1041 1310 quae
1066 1224 1274 1311 togatarum

228 1325 351 1411 partes
375 1323 567 1410 separatae
591 1326 731 1407 essem,
764 1339 813 1389 cx
834 1314 1085 1389 Romanorum
1108 1319 1187 1390 vita
1209 1338 1273 1411 pe-

228 1421 407 1493 tebantur.
459 1418 584 1500 Quum
614 1433 704 1492 vero
737 1420 894 1492 civitatis
919 1419 1119 1513 principes,
1157 1426 1200 1490 nt
1223 1418 1270 1491 L.

227 1521 336 1594 Sulla
359 1543 404 1593 ac
427 1523 552 1613 paullo
576 1527 660 1614 post
684 1543 768 1593 eum
791 1519 916 1594 Julius
941 1519 1101 1610 Caesar,
1137 1521 1276 1592 talibus

227 1626 338 1717 nugis
356 1624 519 1694 maxime
533 1625 825 1712 delectarentur,
864 1643 938 1696 non
964 1624 1176 1711 defuerunt,
1209 1622 1273 1717 qui

228 1727 268 1798 in
298 1725 344 1796 iis
377 1725 580 1798 scribendis
611 1727 852 1813 excellerent,
892 1747 961 1798 nec
985 1725 1059 1797 iam
1083 1725 1273 1797 Romanos

228 1834 368 1900 tantum
391 1848 532 1915 mores,
557 1829 645 1915 sed,
669 1830 884 1900 varietatem
909 1834 1090 1900 sectantes
1109 1828 1272 1898 fabulas·

228 1951 302 2024 qne
323 1928 493 2021 palliatas
516 1930 769 2022 respicientes,
802 1925 970 2003 Graecos
994 1933 1139 2024 quoque
1162 1927 1273 2000 simili

222 2031 338 2104 mdo
362 2038 688 2123 repraesentarent.
721 2031 804 2118 Iam
823 2032 894 2104 bue
908 2027 1047 2104 Graeci
1068 2025 1272 2126 argumenti

226 2132 375 2208 fabulae
399 2132 517 2221 mimi,
541 2134 640 2226 quod
658 2155 789 2204 nomen
808 2135 904 2205 ultro
921 2155 963 2204 se
987 2133 1181 2232 offerebat,
1208 2143 1270 2224 ap·

227 2235 477 2328 ponebantur-3
512 2241 582 2306 nec
614 2233 740 2306 minas
765 2235 847 2306 illas
877 2234 1037 2307 Romani
1069 2233 1272 2328 argumenti

227 2336 397 2420 abdon,
432 2357 526 2432 qnae
552 2342 589 2406 et
613 2338 715 2428 ipsae
739 2360 781 2407 re
805 2355 896 2408 vera
920 2337 1020 2408 mimi
1046 2343 1170 2424 erant,
1210 2357 1277 2406 ec*

226 2440 313 2518 dem
334 2433 480 2510 Graeco
505 2436 671 2526 nomine,
696 2459 807 2532 quum
830 2440 1045 2530 praesertim
1071 2439 1172 2511 aliud
1195 2440 1271 2511 fcr-

226 2543 327 2612 'tasae
350 2540 511 2612 nondum
534 2539 721 2612 intentum
747 2547 883 2628 esset,·‘
900 2549 1037 2612 vocare
1061 2545 1280 2632 coeperunt

94 2705 104 2718 .
227 2641 423 2737 Quumque
454 2641 588 2714 mimus
617 2649 655 2712 et
677 2642 841 2717 fabulam
874 2649 1097 2715 ct'actcrem
1120 2643 1270 2715 fabulae

224 2745 464 2837 nillflffissllfflic
502 2742 605 2833 imos
629 2743 739 2816 etiam
762 2737 975 2836 planipedes
999 2746 1129 2818 nrimcs
1155 2745 1270 2816 nomi·

226 2867 316 2920 aare
339 2867 414 2916 non
439 2843 662 2917 dubitabant
712 2843 863 2938 Duplex
888 2852 1010 2919 antem
1034 2847 1135 2918 mimi
1158 2845 1271 2940 rigni-

225 2945 348 3020 ficatio
374 2946 533 3019 morke
558 2945 957 3036 videturlliomedcm,
990 2961 1031 3020 nt
1055 2947 1270 3040 parimodo

56 3065 60 3077 '
129 3073 137 3094 ·
226 3049 428 3142 planipedis
447 3047 747 3141 significationem
768 3047 947 3123 dilataret.
997 3049 1094 3123 Nam
1115 3069 1199 3121 eum
1212 3051 1270 3120 fa·

225 3151 351 3226 buton
382 3169 526 3245 qnoque
558 3152 688 3224 ecdem
718 3151 922 3245 planipedis
959 3153 1106 3224 nomine
1146 3152 1283 3243 appel·¹

225 3254 342 3340 larse,
378 3253 614 3324 manifestum
643 3261 699 3326 est
730 3275 782 3326 en
810 3253 870 3326 bin
900 3253 1008 3326 locine
1049 3251 1271 3342 „Poenam

225 3353 415 3428 dramatici
438 3355 501 3427 vel
520 3354 631 3426 activi
650 3377 787 3449 genera
812 3363 897 3427 sant
916 3362 1089 3450 quatuor:
1106 3355 1284 3448 -apcd
1369 3433 1371 3438 ,

224 3454 413 3529 Romanos
452 3463 769 3549 praetentata,
816 3457 1103 3545 tabernaria,
1144 3457 1277 3528 Atel-⁴

223 3559 349 3647 lana,
375 3558 640 3650 planipes;“
662 3556 816 3657 et⁴¹).,
818 3558 1046 3647 Latinarum
1061 3559 1288 3630 fabularum*

224 3661 368 3756 spectes
389 3666 446 3732 tet
463 3661 550 3736 fere
574 3667 677 3754 runt,
700 3668 804 3756 quot
822 3669 860 3732 et
881 3661 1141 3754 palliatarum.
1170 3657 1270 3732 Nam

222 3765 341 3858 prima
364 3761 508 3857 speeies
538 3769 594 3834 est
624 3769 850 3858 togatarum
888 3785 985 3858 quae
1011 3769 1270 3909 praetenturae

224 3907 527 3936 manunt—-

304 3978 361 4064 40)
384 3978 429 4042 cl.
447 3979 485 4041 lli
487 3913 610 4050 cuades
622 3980 670 4040 lll.
692 3987 797 4062 plue
809 3999 855 4060 ap
869 3980 1002 4058 Pntacb„
1023 3979 1073 4042 ubl
1095 3999 1134 4042 ex
1154 3978 1268 4063 vulgari
1352 4017 1356 4025 ·

217 4066 353 4147 lcdueffli
365 4085 427 4128 nra
445 4064 523 4126 dni
543 4083 596 4146 pre
618 4064 812 4148 planipedibnr
833 4065 1001 4146 ali'nquar
972 4067 1036 4128 eiua
1050 4065 1169 4150 generis
1190 4071 1268 4126 acto-

218 4150 534 4255 riburppM-nuntnr
564 4147 619 4230 41)
641 4151 691 4214 lll.
713 4157 884 4233 pwasrsp
904 4151 1025 4214 mah
1235 4157 1249 4199 ,ι
