2774 4972
279 369 361 447 166

281 543 382 616 nium
419 545 567 636 suppari
608 549 727 615 aetate
764 543 1000 633 nituernnt;“
1049 552 1087 614 ct
1115 543 1170 616 ΙΙ.
1201 545 1236 618 9.
1265 547 1302 618 3:

281 643 420 734 „Clara
443 645 553 716 etiam
569 667 635 737 per
658 645 755 716 idem
781 646 866 716 aevi
884 646 1040 737 spatium
1066 643 1153 741 (qno
1174 647 1306 718 fuerunt

280 746 407 839 Scipio
444 746 690 835 Aemilianus,
737 745 907 836 Laelius,
947 745 999 818 Μ.
1032 747 1231 835 Antonius,
1265 747 1304 819 L.

282 845 438 920 Crassus
464 849 594 942 aliique
620 855 784 920 oratores
811 847 1048 944 excellentes)
1083 851 1187 920 fuere
1218 851 1305 942 inge-

280 951 360 1040 nia,
386 951 423 1020 in
449 951 582 1044 togatis
606 950 772 1036 Afranii,
804 949 841 1020 in
867 951 1064 1042 tragoediis
1088 947 1240 1022 Pacuvii
1263 957 1306 1019 at·

282 1074 352 1146 que
377 1051 486 1139 Attii,
518 1075 633 1145 usqne
658 1053 697 1122 in
723 1047 949 1124 Graecorum
974 1053 1200 1145 ingeniorum
1224 1073 1307 1122 cem·

282 1155 507 1246 parationem
533 1154 689 1224 crecti.“
741 1152 892 1224 Tertius
916 1154 1019 1226 locus
1046 1162 1102 1224 est
1123 1151 1200 1224 (iic.
1216 1153 1307 1224 Brut

283 1253 423 1326 XLV.:
464 1255 669 1341 „Eiusdem
694 1256 774 1326 fere
805 1255 978 1346 temporis
1012 1259 1098 1347 (quo
1123 1255 1309 1326 floruerunt

280 1353 332 1428 Μ.
358 1356 542 1428 Antonius
575 1365 612 1427 ct
641 1354 686 1428 L.
715 1353 871 1427 crassus
897 1356 1078 1451 oratores)
1109 1357 1181 1427 fuit
1212 1375 1308 1448 eques

281 1456 469 1530 Romanus
495 1456 538 1530 0.
559 1457 682 1530 Titius
709 1455 850 1554 (orator
875 1463 912 1527 et
931 1465 1046 1549 peita‘
1060 1458 1235 1553 tragicus)
1252 1497 1307 1525 -.

171 1599 174 1608 ·
281 1559 402 1639 Quem
426 1561 595 1633 studebat
617 1560 752 1631 imitari
776 1557 823 1630 L.
848 1558 1027 1630 Afranius
1051 1559 1182 1652 polita,
1214 1559 1307 1629 bomo

279 1670 514 1755 perargutns,
556 1664 594 1732 in
625 1663 760 1733 fabulis
793 1661 938 1754 quidem
970 1662 1097 1749 etiam,
1137 1669 1180 1732 ut
1211 1661 1309 1745 scitis,

131 1780 137 1791 ·
281 1763 483 1835 disertus.“
539 1759 600 1834 Ex
631 1763 761 1856 quibus
794 1763 917 1854 colligi
948 1768 1084 1854 potest,
1129 1763 1309 1834 Afranium

281 1871 407 1937 natum
432 1887 514 1937 esse
532 1865 676 1936 circiter
696 1865 931 1935 centesimum
951 1864 1171 1934 tricesimum
1191 1883 1310 1934 annum

281 1973 366 2038 ante
392 1964 588 2041 Gbristum.
640 1963 683 2038 (i.
707 1965 829 2038 Titius
855 1967 968 2052 enim,
1000 1977 1042 2036 ut
1067 1987 1115 2036 ex
1136 1963 1310 2035 Ciceronis

281 2069 403 2140 verbis
436 2076 605 2162 apparet,
643 2069 772 2139 ecdem
796 2071 875 2138 fere
901 2074 1062 2158 tempure
1093 2075 1201 2138 natus
1233 2073 1309 2152 erat,

281 2191 352 2263 quo
378 2169 431 2242 M.
457 2169 642 2243 Antonius
672 2176 708 2240 et
732 2169 779 2241 L.
806 2164 974 2240 Crassus.
1025 2168 1140 2262 Atqui
1167 2167 1219 2239 Μ.
1244 2168 1308 2238 An·

280 2272 402 2343 tonius
426 2272 524 2365 App.
550 2271 707 2344 Claudio
733 2268 914 2358 Pulchro,
951 2269 999 2349 u.
1024 2267 1176 2342 Metello
1201 2267 1310 2341 Macc-

281 2374 412 2444 donicc
445 2395 539 2446 coss.
572 2393 668 2445 anno
701 2374 746 2447 U.
774 2371 817 2443 0.
843 2369 985 2445 buxi.
1019 2373 1099 2443 sive
1124 2380 1209 2442 ante
1234 2369 1307 2442 Gbr.

282 2471 464 2547 CXLIII.
497 2476 640 2568 genibus
675 2483 748 2564 est3
788 2473 835 2545 L.
863 2471 1020 2544 Crassus
1053 2475 1208 2544 triennio
1239 2477 1309 2564 post

281 2576 381 2648 illum
414 2577 462 2657 u.
490 2577 649 2648 'ervilia
676 2574 880 2667 Caepione,
923 2573 965 2647 (l.
993 2575 1122 2646 Laelio
1150 2576 1309 2668 Sapientc

282 2702 377 2750 cese.
428 2679 514 2753 vid.
548 2679 705 2751 Ellendt.
739 2675 915 2770 Prolegg.
956 2679 1004 2746 ad
1036 2673 1112 2748 cic.
1147 2677 1248 2749 Brut.
1280 2696 1307 2764 p.

281 2778 409 2852 LXII.
462 2779 580 2851 Multo
602 2781 711 2873 igitur
733 2787 817 2850 ante
842 2780 942 2849 illum
964 2799 1115 2867 annum,
1143 2801 1246 2872 quem
1265 2778 1307 2845 in·

282 2883 501 2969 dicavimuS‚
537 2883 732 2954 Afranium
757 2888 881 2951 natum
908 2901 989 2951 esse
1014 2901 1159 2951 sumere
1185 2901 1255 2952 nen
1275 2877 1308 2946 li·

283 2990 362 3070 cet,
404 2985 573 3075 quoniam
605 2981 649 3056 (i.
677 2983 816 3054 Titium
848 2983 1006 3052 imitatus
1033 2991 1107 3070 est,
1148 2991 1187 3053 ct
1210 2980 1308 3052 multo

281 3085 475 3170 minorem,
502 3106 611 3178 quam
632 3082 675 3156 0.
694 3082 851 3170 Titium,
878 3107 962 3154 eum
985 3083 1101 3155 inisse
1125 3083 1234 3155 statui
1257 3101 1307 3150 vc·

281 3193 359 3257 tant
392 3193 428 3256 et
460 3183 595 3257 Velleii
619 3184 805 3259 Paterculi
830 3188 943 3255 verba
967 3186 1115 3256 laudata
1148 3193 1185 3256 et
1210 3183 1307 3276 ipsius

281 3286 338 3359 Mt
366 3285 481 3358 Tullii
512 3289 626 3359 locus.
685 3284 813 3380 Neque
848 3309 1069 3379 magnopere
1109 3289 1306 3366 errabimus,

281 3391 313 3460 si
339 3411 422 3460 cum
447 3389 592 3460 omnino
617 3389 730 3460 Attae
755 3394 886 3481 poetae
915 3390 1103 3480 aequalem
1126 3390 1240 3460 luisse
1262 3383 1305 3454 di·

281 3511 415 3563 ccmus.
467 3490 572 3561 Ferri
596 3492 706 3583 igitur
731 3491 840 3562 etiam
864 3499 1004 3583 petest,
1045 3491 1142 3582 qnod
1166 3488 1306 3561 Butbius

281 3593 422 3680 scribit,
461 3593 630 3664 floruisse
665 3591 861 3665 Afranium
899 3592 997 3662 circa
1032 3613 1165 3664 annum
1198 3589 1239 3662 U.
1269 3583 1304 3656 0.

162 3717 168 3734 ·
283 3691 434 3804 Dch.
462 3693 541 3765 slve
567 3705 651 3766 ante
677 3692 765 3804 cm.
790 3717 826 3766 n.
852 3691 991 3765 xclv.

382 3860 432 3934 Ut
456 3863 502 3936 de
528 3869 647 3938 aetate
672 3870 803 3954 poetae
827 3871 927 3940 certa
951 3863 1155 3935 testimonia
1181 3857 1304 3932 deside·

255 3973 425 4050 ¹rescitur,
454 3965 521 4060 jita
553 3963 662 4036 etiam
681 3966 737 4034 'de
756 3966 863 4053 loco,
902 3987 973 4056 quo
1006 3975 1113 4036 natus
1145 3965 1206 4050 sit,
1243 3979 1303 4051 quc

141 4067 151 4093 ‘
282 4067 435 4153 vixerit,
475 4081 545 4158 quc
571 4077 736 4139 mortuus
760 4067 818 4139 sit.
876 4064 1076 4141 Maximam
1101 4067 1237 4158 quidem
1261 4060 1303 4128 ri·

283 4177 344 4238 tae
368 4173 508 4259 partem
535 4191 618 4242 eum
635 4165 791 4240 ‘Romae'
808 4170 953 4264 degisse
979 4193 1044 4261 pro
1070 4175 1167 4244 certo
1191 4158 1302 4236 baberi
