2774 4972
261 365 343 443 tto

262 549 318 612 tur,
340 546 370 599 et
389 537 628 610 medicamentum,
649 557 704 617 quo
725 558 817 620 rugae
840 537 1040 596 extendentur.
1069 525 1201 595 ¹Atranimi
1211 535 1286 595 mtni·

261 623 336 684 lecto
357 621 490 705 figurate,
511 624 632 704 priorem
654 623 782 684 vocabuli
803 621 1040 704 significationem
1056 621 1215 701 respiciens,
1234 627 1287 679 ten·

263 708 395 789 tipellinm
418 729 469 788 pro
491 709 618 768 manibur
640 707 811 767 deformibus
833 728 867 766 oc
889 707 1050 786 praeduris,
1072 713 1105 764 ut
1125 714 1189 784 apte
1210 705 1287 784 expli·
1376 723 1377 744 ¹

261 814 327 854 core
355 793 465 854 vitetur
493 793 627 864 Rotbiua,
659 794 762 872 poruit.
805 793 944 874 Figurate
973 790 1039 851 item
1063 789 1287 879 'litinium'locu-
1376 745 1377 828 i

261 887 319 938 tum
341 898 413 949 esne,
435 879 522 937 Festo
543 879 660 938 credere
680 879 760 954 licet3
791 878 840 937 aad
863 877 947 936 nihilo
975 877 1066 935 minus
1087 873 1202 935 l'erriue
1220 883 1288 933 recte

262 983 298 1024 ex
321 963 382 1022 einr
403 963 495 1023 verbio
517 963 659 1023 iudicavit.
703 959 778 1029 euin
799 970 893 1022 autern
914 955 984 1023 vere'
1002 982 1020 1021 a
1040 961 1163 1033 Titinio,
1184 960 1208 1019 si
1227 981 1289 1040 rpo-

262 1050 355 1120 πικῶς
376 1048 462 1108 verba
484 1048 539 1106 isto
561 1047 687 1128 protulit,
709 1045 899 1128 significatum
922 1047 976 1119 ait,¹
991 1067 1046 1105 non
1068 1046 1186 1128 pror-aui
1201 1043 1288 1124 liquat.

261 1133 397 1192 Fortunae
418 1132 503 1191 alicui
525 1152 558 1190 oa
579 1133 742 1214 illinebatur
760 1133 836 1205 luto,
860 1133 944 1212 qnod,
967 1150 1048 1211 qnnnr
1061 1129 1106 1190 'eo
1127 1133 1217 1212 rugae
1233 1149 1289 1191 eva-

262 1223 420 1289 nescerent,
442 1216 625 1296 tentipellium
646 1207 806 1298 appellavit.
866 1225 870 1235 “
926 1227 928 1234 ⁴
991 1213 995 1218 ’
1040 1225 1043 1232 ’
1080 1221 1107 1233 “’
1215 1205 1236 1242 ²¹

745 1377 823 1437 XIV.

345 1509 462 1571 Paulina
484 1529 520 1570 ex
542 1509 644 1571 lleato:
672 1510 905 1584 „Vibriaanre
925 1517 970 1570 eat
990 1529 1087 1573 vocem
1109 1510 1139 1570 iu
1162 1510 1291 1570 cantando

262 1593 397 1675 crispare.
439 1593 583 1654 Titinius:
674 1627 681 1642 ·

313 1679 357 1750 Si
372 1679 438 1750 erit
451 1680 516 1750 tibi
531 1682 757 1768 contendum,
783 1681 896 1751 facito
913 1703 1028 1774 neque
1043 1681 1292 1753 txvibrisses.“

262 1781 400 1840 Doceriur
421 1782 475 1840 boc
495 1781 684 1864 fragmentum
707 1779 926 1861 componendum
949 1782 1057 1862 putavit
1078 1803 1139 1842 cum
1161 1803 1206 1854 eo,
1226 1780 1293 1861 qood
1368 1805 1373 1862 p

263 1866 398 1926 decimum
429 1865 520 1926 locum
547 1868 621 1947 opud
647 1887 700 1926 nos
732 1876 861 1946 occupat.
903 1869 963 1926 Rea
997 1875 1041 1927 eat
1073 1868 1173 1940 dubin3
1206 1885 1292 1948 quam·

263 1969 343 2030 quam
365 1950 410 2010 bic
432 1971 542 2032 quoque
563 1972 677 2023 verena,
704 1959 737 2010 'ut
757 1951 820 2025 illc,
850 1952 885 2010 ad
907 1952 1050 2024 iuvenem,
1077 1951 1122 2012 cni
1151 1953 1180 2011 in
1202 1951 1292 2011 Setina

263 2034 379 2095 mollitia
400 2037 632 2116 exprobrabatur,
653 2036 764 2098 videtur
785 2037 936 2116 pertinere.
1067 2039 1069 2046 '

748 2204 813 2264 XV.

345 2336 462 2398 Paullur
488 2357 526 2396 ex
552 2339 655 2398 Pecto:
692 2339 848 2415 „Mirior
876 2340 1007 2401 dicebant
1036 2338 1253 2420 comparativum
1277 2358 1293 2396 a

264 2420 343 2481 miro.
387 2421 528 2482 Titiniae:

1079 2551 1131 2564 -
1155 2500 1291 2594 Mitior,

336 2605 498 2700 ,luqutm,
524 2607 589 2680 tibi
613 2609 779 2683 videor.“
804 2649 854 2665 -ι

741 2789 819 2851 XVl.

347 2899 450 2960 Fertur
474 2921 500 2962 v.
522 2901 704 2964 Osculana
725 2925 860 2988 pugna,
881 2908 983 2967 Sobel.
1004 2909 1087 2987 p0‘86
1109 2906 1155 2965 ed.
1178 2906 1290 2966 Decem:

262 2982 473 3056 „Orculnnn
493 3005 613 3067 pugna
633 2987 660 3046 in
683 2990 846 3068 prouerbio,
878 3011 933 3070 qno
955 2989 1186 3074 rignifioabatur,
1206 2990 1291 3053 victor

196 3121 200 3134 .
262 3066 392 3141 viuceae3
419 3068 485 3148 quia
506 3069 534 3128 in
557 3072 652 3132 eadem
675 3081 704 3132 et
725 3074 853 3134 Valerius
874 3077 1033 3148 Laevinus,
1064 3077 1217 3156 imperator
1237 3075 1291 3133 llo·

262 3171 376 3224 rnanua,
407 3153 555 3232 al'yrrbo
577 3163 640 3216 erat
659 3157 764 3231 victua,
792 3167 823 3220 et
851 3160 928 3222 brevi
956 3161 1074 3220 eundem
1100 3159 1199 3242 regem
1221 3158 1290 3219 deri·
1376 3161 1377 3184 ³

263 3245 350 3297 cerat.
387 3237 527 3318 Sulpicina
549 3283 557 3300 .
580 3282 588 3301 .
611 3283 619 3301 .
641 3283 649 3301 .
672 3285 681 3302 .
704 3286 712 3303 .
735 3285 744 3302 .
767 3287 775 3303 .
798 3286 806 3304 .
829 3237 869 3305 .''.
892 3287 901 3305 .
923 3246 989 3305 item
1015 3245 1167 3324 imperator
1187 3251 1290 3304 noster.

262 3321 332 3381 Eius
352 3321 395 3382 rei
416 3324 539 3384 meminit
559 3325 686 3387 Titinius
707 3327 760 3388 boc
781 3330 878 3388 morlo:
1077 3331 1080 3338 ’

304 3406 401 3468 llaec
421 3408 560 3486 quidem
582 3413 683 3490 qnasi
711 3411 890 3474 Osculana
910 3433 1029 3496 pugna
1051 3419 1107 3473 est
1128 3453 1289 3473 ......

304 3510 571 3555 ..r..aecua
605 3497 688 3576 quia
719 3497 800 3558 lrinc
831 3497 962 3582 fugere
998 3497 1142 3578 impulai
1174 3495 1290 3577 spolia

304 3575 496 3658 colligunt.

262 3659 413 3740 Significat
440 3661 524 3720 etiam
545 3665 668 3724 cuculum
689 3667 833 3741 suavium3
864 3674 897 3726 ut
915 3666 1071 3740 Plautua,“
1100 3674 1131 3727 et
1156 3686 1229 3746 quae
1248 3683 1289 3723 ae·

261 3751 391 3820 quuntur.
428 3747 530 3807 Sclred.
560 3749 595 3807 ll.
623 3769 650 3827 q.
677 3769 705 3829 q.
737 3752 771 3811 0.
799 3773 918 3835 pugna
939 3761 997 3812 oet
1017 3793 1150 3811 .....
1172 3768 1288 3818 neena,

261 3827 342 3905 quia
363 3829 396 3887 in
418 3828 547 3913 lugere
569 3833 662 3912 palai
684 3835 765 3896 bino
786 3837 906 3917 cpolin
925 3837 1115 3916 colligant.
1146 3835 1287 3915 Saetiger:

193 3961 198 3974 .
260 3910 475 3982 „Osculana
503 3915 561 3974 Pro
581 3919 794 3981 Auacnlnna.
826 3921 1183 4002 condonaturum
1203 3920 1288 3978 nium

261 3997 369 4075 expleri
399 4019 483 4076 pocae
513 4001 653 4063 videntur.
696 4004 894 4082 Sulpitina:
923 4005 1097 4086 Pyrrhum
1117 4007 1289 4069 victorem

260 4079 353 4139 vicit
379 4081 462 4143 item
495 4085 695 4166 lmparator
724 4096 864 4150 noster.
906 4090 1012 4151 Titinii
1038 4107 1137 4152 vanae
1157 4109 1215 4150 non
1233 4095 1288 4145 tan

261 4161 362 4225 ‹livulai
382 4175 456 4239 aunt,
478 4188 560 4247 qnam
579 4172 698 4233 lacunae
718 4171 898 4252 praelamnt:

650 4297 668 4332 Χ
