2772 4968
297 340 353 414 112

798 509 836 568 Χ.

386 627 496 689 N⁰¹¹i¹¹⁸
515 631 602 707 1³·75
624 629 669 688 0⁴¹·
700 597 804 687 Mtte-2
844 626 1104 698 ,Manetavih
1132 624 1320 685 auxitdttius

298 717 328 776 in
349 714 509 775 Aeneadis:

349 791 497 880 Quibus
517 820 595 869 rem
617 819 813 884 summam,
845 796 998 888 patrium
1021 801 1201 882 nostram,
1226 793 1319 886 quda-

779 900 863 970 dam
882 897 1089 970 adnuetavit
1109 903 1247 988 paterf‘

299 1002 375 1082 Apte
395 1000 513 1065 Duthius
534 1000 571 1060 ad
592 1000 619 1058 Ιι.
639 999 675 1058 l.:
697 999 867 1072 „Quil›us‚
889 1000 990 1084 quibus
1010 998 1170 1070 virtutibus,
1192 997 1322 1078 pietateet

298 1085 397 1152 mostis
419 1091 576 1158 contemtu,
610 1091 691 1165 pater
719 1084 755 1147 P.
778 1085 884 1146 Deeius
903 1104 991 1164 remp.
1013 1084 1140 1158 erexerit,
1173 1083 1280 1144 easdem
1297 1099 1322 1138 se
1371 1138 1376 1169 Ι

300 1191 412 1250 qwque
448 1189 523 1232 nune
552 1176 750 1249 usurpatorum
784 1170 826 1229 ait
850 1169 987 1230 Deeius.“
1034 1168 1091 1231 Sed
1116 1168 1205 1250 vulga
1233 1165 1322 1246 legitur

300 1256 440 1325 Quibus
457 1275 527 1314 rem
548 1273 710 1315 sunnam
730 1260 766 1313 et
785 1254 937 1334 patriam
957 1260 1023 1325 ete,
1044 1254 1073 1314 in
1095 1253 1198 1330 quitus
1217 1248 1322 1330 intelligi

299 1360 356 1400 non
378 1346 472 1420 potest
492 1339 558 1417 quid
579 1339 617 1398 sit
638 1359 696 1398 res
717 1358 853 1398 summa.

793 1489 845 1550 XI.

383 1605 493 1665 Nonius
515 1627 543 1686 p.
557 1605 619 1668 200
639 1606 684 1665 ed.
703 1605 813 1684 More:
835 1608 992 1682 „Castra
1013 1607 1128 1690 generis
1151 1613 1219 1666 sunt
1235 1602 1322 1666 neutri.

240 1766 243 1772 Ι
300 1691 442 1752 Femiuini
462 1692 557 1749 Attius
578 1689 607 1749 iu
627 1691 769 1751 Aeneadis
790 1698 840 1752 aut
859 1693 963 1752 Decio:

342 1779 472 1836 Castra
499 1776 584 1834 haee
611 1784 737 1838 vestra
754 1783 835 1848 est,
867 1785 1009 1857 optume
1030 1777 1125 1836 esais
1146 1774 1324 1835 meritust

340 1859 474 1920 nobis.“
619 1895 624 1918 ι
1163 1897 1168 1902 -

297 1949 330 2006 la
351 1945 422 2005 Veu.
445 1946 466 2003 l.
484 1944 520 2002 11.
556 1944 624 2003 Par.
659 1945 729 2004 haee
763 1945 967 2006 desiderantur.
1009 1946 1143 2006 Botlrius:
1177 1945 1325 2019 „Fortasse

298 2031 420 2102 Decius,
443 2029 506 2087 dum
527 2028 557 2088 iu
579 2047 614 2087 eo
637 2036 695 2100 est,
717 2036 750 2088 ut
770 2050 803 2089 se
824 2029 1047 2091 confertissimae
1068 2030 1214 2090 Gallorum
1236 2026 1325 2088 inferat

299 2116 380 2187 aciei,
403 2131 556 2178 cousensus
578 2113 614 2172 ad
635 2114 747 2185 milites,
770 2115 915 2187 Castra,
943 2116 1048 2195 inquit,
1071 2116 1157 2174 haec
1178 2113 1325 2174 hostium
1376 2176 1379 2187 Ι

298 2208 422 2263 vestra
444 2205 535 2257 sunt.
580 2199 618 2256 Et
638 2199 678 2257 Μ.
700 2199 799 2260 Livius
819 2199 971 2260 Pontifex:
995 2200 1133 2280 Optime
1155 2200 1256 2260 escis
1274 2216 1324 2255 me·

299 2285 392 2345 ritus
414 2284 454 2342 de
475 2282 595 2355 nobis,
618 2283 700 2354 Deci,
723 2284 749 2348 si
770 2283 810 2343 ita
830 2283 942 2359 feceris,
963 2291 997 2344 ut
1018 2293 1046 2345 te
1066 2286 1139 2346 velle
1160 2283 1325 2366 signifieas“

298 2371 368 2429 ofili
390 2387 480 2446 neque
499 2367 568 2426 illud
590 2368 733 2446 probabile
755 2369 878 2441 ridetur,
905 2369 1023 2430 Decium
1049 2369 1091 2428 ita
1105 2371 1243 2430 “loentum
1263 2385 1324 2435 esse,
1379 2433 1380 2436 Ἴ

299 2474 352 2514 neo
371 2452 483 2515 Livium
505 2451 541 2510 ad
561 2459 680 2514 mortem
696 2454 852 2514 obeundam
868 2474 932 2514 eum
947 2475 1011 2516 esse
1025 2456 1214 2516 cohortatum.
1239 2451 1326 2514 Livius
1380 2479 1382 2510 ς

297 2537 372 2597 ffist
392 2537 431 2596 Χ.
447 2544 502 2602 29:
535 2536 693 2610 „Pontifex
713 2537 823 2610 Livius,
845 2540 891 2599 eui
910 2540 1026 2601 lictores
1046 2540 1151 2599 Decius
1173 2539 1326 2606 tradideret,
1377 2571 1382 2616 ι

298 2623 474 2702 inssemque
505 2630 716 2710 propraetorem
744 2643 825 2695 esse,
861 2623 1027 2687 vociferari:
1055 2624 1199 2684 Vicisse
1220 2625 1326 2682 Roma·
1379 2621 1382 2778 p

298 2729 375 2780 uos,
403 2706 595 2767 defunctas
624 2707 788 2768 consulis
809 2707 903 2782 fato3
932 2711 1058 2770 Gallos
1085 2709 1327 2785 Samnitesque

298 2790 468 2852 Telluris
494 2790 620 2850 matris
651 2811 693 2851 ae
725 2791 865 2855 deorum
895 2795 1051 2854 Manium
1083 2813 1180 2867 esse;
1211 2808 1327 2872 rapere
1381 2863 1382 2866 Ἴ

195 2915 197 2920 -
299 2877 412 2946 adse
450 2894 490 2933 ao
525 2895 655 2936 vocare
684 2876 833 2936 Decium
872 2879 1035 2940 devotam
1067 2899 1181 2939 seeum
1212 2877 1327 2944 eciem:
1380 2873 1382 2928 1

242 2981 247 2992 ·
300 2960 561 3037 Furiarumque
589 2980 628 3020 ao
648 2959 853 3021 formidinis
873 2964 982 3043 plena
1007 2964 1126 3022 omnia
1146 2963 1188 3023 ad
1210 2964 1326 3021 hostes

298 3049 408 3104 esse.“
449 3045 557 3123 ltaque,
578 3044 615 3105 ad
635 3046 737 3106 milites
758 3067 921 3120 conversus,
942 3048 1041 3110 Livius
1061 3045 1191 3130 pontifex
1212 3065 1326 3128 pmnun·
1381 3101 1382 3104 ,

296 3129 412 3192 tinuerit
430 3130 510 3201 haee,
531 3135 564 3188 ut
584 3131 711 3191 correxit
731 3131 864 3191 Vossius:

498 3255 549 3266 -—
575 3207 708 3287 cestra
727 3216 819 3289 haee
840 3225 964 3290 vestra
979 3224 1045 3290 ost.
1070 3209 1243 3308 'Optume
1265 3219 1315 3286 est

347 3304 399 3385 ‘Is
423 3315 571 3387 meritus
596 3317 643 3392 de
668 3318 782 3398 nebu.
809 3361 861 3371 —

379 3597 487 3658 Nonius
507 3621 535 3688 p.
552 3603 613 3664 ⁶0⁴
636 3601 680 3660 ed·
701 3601 806 3670 Mero:
838 3602 971 3678 „Souit
990 3623 1043 3686 pto
1062 3610 1155 3666 west·
1186 3601 1283 3666 ΜΕΝ
1301 3599 1349 3675 5¹¹.

294 3681 437 3755 Aeneadis
456 3691 507 3750 aut
526 3685 637 3752 Decio:¹
1267 3743 1271 3752 .

277 3861 280 3868 Ι
346 3763 516 3846 clamere
542 3777 578 3838 et
602 3771 739 3862 gemitu
762 3774 932 3864 templum
957 3773 1095 3848 resonis
1118 3771 1297 3845 coelitum

295 3865 464 3936 Clamosa-
481 3876 516 3927 et
536 3870 670 3949 gemitu
692 3872 817 3947 militurn,
837 3881 873 3934 ut
888 3873 1007 3948 uidetur,
1029 3880 1144 3954 propter
1158 3873 1241 3933 Desii
1257 3889 1327 3930 mor·

293 3955 359 4008 tem
391 3951 490 4014 Livius
512 3953 635 4014 ilistX.
649 3963 703 4017 29:
734 3959 887 4028 „Consulis
908 3978 1010 4040 eorpus
1031 3978 1066 4018 eo
1088 3958 1143 4030 die,
1165 3957 1232 4038 quie
1247 3956 1326 4016 abra·

294 4040 353 4094 tum
379 4038 561 4117 superstratis
589 4039 733 4100 Gallorum
762 4044 879 4103 cumulis
900 4048 977 4116 erat,
1009 4042 1131 4105 inveniri
1151 4061 1208 4102 nan
1227 4037 1325 4120 potnit.

293 4117 415 4178 Postero
451 4123 496 4181 die
533 4123 675 4186 inventum
707 4125 879 4206 relatumque
913 4136 958 4188 est
991 4147 1055 4187 eum
1089 4126 1184 4190 multis
1213 4125 1326 4186 militm
