2772 4968
1098 311 1149 386 7⁷

205 485 307 559 Nihil
331 488 451 582 neque
475 486 602 581 pericli
626 485 743 608 usgue
769 486 919 632 ‘tumulti
945 494 1018 574 est,
1052 485 1149 580 qudd

642 611 765 660 sciam.

102 690 213 750 Nihil.
257 690 339 750 Voss.
362 690 445 750 llotb.
467 688 536 749 Nil.
557 723 601 734 —
620 671 761 770 pericli.
805 689 952 749 Siclllerc.
963 689 1046 748 Voss.
1063 690 1147 750 Botlr.

103 777 203 857 Vulgo
214 776 391 873 periculi.
412 807 455 821 -
477 775 510 835 ln
533 774 602 835 Ven.
624 776 646 834 l.
670 774 705 834 ll.
740 775 808 834 Par.
831 774 1008 838 desideratur
1026 775 1148 834 Attius

101 893 144 906 -
170 879 286 919 acran.

189 1112 299 1172 Nonius
325 1133 353 1192 p.
373 1119 412 1174 Ἠ
442 1111 486 1172 ed.
508 1112 612 1172 Marc:
657 1111 817 1184 „Gliscit
844 1119 889 1172 cst
916 1111 1092 1194 congelascit
1117 1119 1147 1172 ct

100 1197 264 1280 colligitur,
286 1197 331 1257 vel
353 1197 469 1269 crescit,
496 1197 541 1257 rel
563 1197 695 1279 ignescit.
716 1197 875 1256 -Attius
896 1197 924 1254 in
947 1197 1103 1256 Aeneadis:

111 1319 116 1330 ·
146 1283 216 1342 Dis
237 1302 365 1342 summo
387 1281 455 1342 tibi
476 1282 698 1362 perduellum
719 1289 791 1356 est,
825 1301 971 1360 quorum
992 1290 1056 1342 aut
1076 1281 1147 1360 qui-

77 1415 81 1422 .
148 1367 214 1427 bus
235 1387 273 1426 so
294 1387 313 1428 a
333 1367 501 1446 partibus
522 1368 720 1448 gliscunt.“

101 1453 186 1512 llaec
205 1459 339 1530 corrupte
359 1459 435 1511 sunt.
477 1453 536 1512 Pro
557 1452 621 1512 Dis
642 1471 773 1512 summa
796 1450 865 1510 Van.
882 1449 905 1510 l.
927 1450 964 1512 ll.
985 1451 1053 1510 Par.
1069 1449 1147 1509 llis·

101 1556 251 1607 sunam,
284 1537 348 1596 ΔΜ.
375 1536 442 1596 Jun.
470 1536 662 1608 Disumuso,
696 1536 795 1616 Stepb.
824 1535 868 1594 lli
900 1555 1044 1609 summa,
1078 1535 1146 1594 llas.

101 1622 157 1682 De
185 1641 331 1693 sumna,
360 1621 430 1681 lun.
457 1641 548 1703 marg.
580 1621 705 1682 Decio.
738 1623 882 1680 Summa.
911 1653 955 1664 —
983 1618 1146 1700 perduel-

100 1707 183 1769 lum.
210 1707 307 1784 Stepb.
328 1705 572 1784 perduellium.
594 1707 677 1766 -‘a
697 1705 869 1785 partibus.
898 1704 970 1766 Van.
984 1707 1006 1764 l.
1021 1705 1056 1762 ll.
1078 1706 1146 1766 Por.

101 1791 281 1871 apertius.
323 1791 452 1850 llelrius:
482 1790 609 1862 „Laudo
631 1811 741 1860 manum
763 1791 825 1850 los.
846 1790 982 1860 llerceri,
1004 1789 1066 1867 qui:
1096 1789 1146 1848 lle

102 1895 236 1936 sumna
257 1875 324 1934 tibi
345 1894 461 1934 rerum
483 1876 638 1936 duellum
660 1883 731 1947 est,
766 1875 858 1953 quod
880 1875 920 1933 ab
942 1873 989 1952 iius
1010 1893 1048 1933 sc
1069 1894 1146 1952 par-

104 1959 367 2020 tibusGliscit:
391 1961 520 2038 quibus
542 1981 611 2020 reor
632 1980 791 2020 summanr
814 1967 848 2018 at
869 1959 1018 2037 patriam
1041 1978 1145 2036 quon·

104 2047 180 2104 dam
222 2045 435 2104 adauctasit
476 2051 613 2124 poter.“
683 2043 839 2104 coniunxit
870 2043 943 2102 enim
978 2043 1049 2102 baec
1083 2062 1145 2102 cum

102 2128 209 2210 fragm.
226 2130 265 2187 X.
299 2129 431 2188 Vossius:
454 2131 617 2200 „Scriverio
640 2149 697 2188 non
717 2127 895 2207 displicebat:
918 2127 982 2186 llis
1003 2146 1145 2186 summa-

33 2195 41 2225 '
103 2215 204 2273 tibus
232 2213 466 2274 Perduellum
497 2222 570 2286 est,
605 2232 751 2292 quorum
782 2211 949 2294 auguriis
981 2213 1146 2293 gliscunt

103 2319 187 2442 3:55
213 2319 232 2358 ⁸
258 2298 431 2442 iiiiii*
466 2297 1144 2463 ..lt.tt”',:t.t⁸.'lttt.t.⁸:t⁰:tt¹titt

104 2487 161 2547 qus
188 2473 269 2548 parte
296 2468 416 2527 maxime
440 2468 562 2527 bostium
583 2469 717 2530 violentia
737 2475 936 2550 grassaretur:
970 2486 1037 2527 mox
1064 2487 1144 2526 secu·

103 2561 163 2612 tun
185 2553 274 2631 patris
295 2554 467 2630 exemplum,
495 2572 529 2612 ac
550 2585 591 2598 -·
613 2553 643 2611 in
664 2552 871 2612 confertissimo
891 2571 923 2612 sa
944 2551 1065 2610 bostium
1087 2553 1145 2610 tela

102 2637 264 2696 iaculatorn.
291 2670 333 2682 -
364 2637 429 2696 Non
458 2637 609 2698 infeliciter
630 2644 698 2717 puto
727 2636 902 2718 corrigebam
929 2637 1017 2698 bocce
1042 2642 1142 2716 pacto:

103 2723 166 2781 Vis
188 2735 316 2780 somma
337 2728 395 2781 est
414 2721 474 2781 ubi
496 2721 736 2801 perduellioni
768 2741 916 2800 quonam
942 2728 1002 2780 aut
1028 2721 1143 2798 quibu’

103 2827 143 2866 se
172 2826 190 2865 a
216 2807 383 2884 partibus
411 2807 598 2866 Gliscunt‘l
642 2807 709 2878 Vel,
738 2807 862 2885 quibus
893 2827 911 2866 a
941 2805 1143 2884 partibus.“

102 2891 239 2950 liotbius:
270 2891 349 2962 „llic
375 2924 418 2936 -
444 2891 556 2952 ridetur
582 2911 645 2952 essa
666 2891 864 2972 dialogismus,
896 2891 1074 2970 speculatore
1099 2891 1144 2951 vel

103 2975 255 3056 mausfflga
275 2975 423 3035 nuntiante
445 2976 622 3048 consulibus,
654 2995 785 3035 summam
807 2976 927 3034 bostium
955 2975 1056 3035 adesse
1077 2975 1143 3035 clu-

105 3060 155 3132 sii,
186 3061 231 3122 vel
258 3060 287 3119 in
314 3060 431 3120 vicinio:
464 3061 602 3120 Summa
633 3061 682 3120 ibi
711 3061 932 3141 perduellum
962 3067 1025 3119 ast.
1079 3061 1142 3120 Vid.

104 3145 167 3206 Lis.
192 3154 241 3219 10,
266 3152 313 3206 26.
361 3145 415 3204 cpi
435 3146 589 3224 respondet
610 3146 683 3204 alter
704 3146 862 3204 consulum:
891 3144 1060 3219 Quorum,
1082 3151 1143 3205 out

107 3230 233 3307 quibus
254 3249 291 3288 se
312 3249 330 3288 a
351 3230 519 3310 partibus
539 3229 723 3312 gliscuntt
765 3230 830 3290 Liv.
852 3229 870 3288 l.
893 3228 928 3300 l.,
950 3237 1066 3288 nomata
1081 3230 1143 3289 Sci-

106 3315 197 3394 pionis
213 3313 293 3374 clade
314 3314 502 3373 adclusium:
525 3317 626 3386 Sunt,
648 3315 746 3393 inquit,
770 3314 827 3392 qui
847 3313 996 3374 Umbros
1018 3313 1142 3386 fuisse,

105 3420 174 3460 non
196 3399 323 3458 Gallos
346 3400 500 3458 tradant.
543 3399 592 3459 lt:
616 3399 952 3458 AttinsAeneadis:
975 3398 1039 3458 llis
1059 3419 1143 3458 sum-

106 3504 157 3543 ma
177 3492 242 3555 etc,
269 3483 298 3541 in
326 3483 426 3560 quibus
452 3483 528 3542 istud
552 3483 632 3554 llis,
662 3483 736 3562 quod
759 3491 907 3562 tantopere
928 3490 1046 3544 exercet
1066 3483 1143 3545 uiros

107 3568 221 3642 doctos,
244 3567 311 3626 nibil
333 3567 408 3626 aliud
430 3587 493 3627 esse
514 3569 579 3627 mibi
601 3569 711 3628 videtur
732 3587 812 3646 quom
836 3568 1006 3628 antecedens
1027 3568 1144 3646 syllaba,

107 3672 250 3732 perperam
271 3651 399 3730 repetita.
407 3657 426 3686 “
469 3653 577 3734 Magno
599 3659 739 3732 exparte
761 3660 838 3729 rocta
860 3652 999 3712 iudicasse
1014 3651 1146 3712 linthium

107 3747 189 3816 puto,
216 3737 436 3816 legendumque:

154 3822 203 3893 A.
237 3821 388 3892 Somnia
412 3821 478 3891 tibi
502 3822 739 3914 perduellium
765 3830 831 3892 cst.
884 3822 928 3892 B.
957 3819 1145 3899 Quorum?

634 3927 696 3994 aut
718 3925 847 4017 quibos
871 3945 912 3994 se
938 3945 961 3992 a
982 3923 1143 4014 ptrtibus

109 4019 445 4207 Beidrahriiiiigllsihirins
472 4123 545 4184 llist.
565 4125 604 4185 Χ.
628 4133 683 4189 27:
710 4125 815 4201 „llaec
842 4123 961 4198 consilia
990 4125 1141 4186 turbarunt
