2772 4968
1026 358 1099 437 117

148 529 228 597 onon
248 531 286 591 ni
305 539 503 615 argumentum
523 533 605 593 buius
626 539 745 616 togntse
766 533 877 606 attinet,
898 533 1034 614 reliquiae
1055 535 1097 597 its

74 621 133 675 sunt
160 623 349 698 eornparotse,
379 626 413 678 ut
438 617 500 679 lero
526 619 596 678 nibil
621 618 692 678 certi
719 639 757 680 ex
777 619 813 678 iis
833 617 930 700 colligi
950 640 1035 699 posse
1055 621 1097 681 vi-

74 701 170 760 deatur.
213 701 331 762 Gemina
352 702 488 784 inscripta
508 701 564 763 fuit
583 702 694 776 fabulo,
723 705 773 764 sed
794 705 924 786 geminae
945 705 974 764 in
996 725 1031 764 eu
1051 725 1096 766 re·

73 793 259 864 praesentatae
283 787 424 860 uidentur,
447 808 563 868 quarum
584 788 675 848 ultera
695 795 783 869 nuptu
804 796 889 860 suet,
911 789 1001 849 altera
1022 791 1096 869 uputl

71 890 184 929 sororenr
209 870 365 944 habitaret,
388 880 489 932 neutro
509 873 571 935 viro
592 880 717 952 acceptu.
760 875 901 956 Frngrnm.
924 875 945 932 l.
964 874 1038 934 l'lll.
1055 874 1094 934 X.

69 953 126 1013 Xll.
145 955 220 1015 XVl.
250 956 295 1016 Cf.
317 959 432 1018 lncertt.
454 958 559 1018 Titinii
579 957 631 1017 Xl.
653 959 718 1018 Xll.
747 957 865 1018 Gemino
886 957 984 1017 uxoris
1001 977 1093 1031 soror,

69 1040 134 1098 unde
152 1039 265 1101 fabulae
287 1042 396 1101 titulum
418 1050 537 1103 tructurn
559 1062 623 1102 esse
636 1043 768 1114 arbitror,
788 1041 913 1103 sortasse
924 1051 986 1102 erut
997 1063 1093 1116 causa

69 1144 111 1182 cur
129 1124 200 1185 inter
220 1125 360 1208 coniuges
382 1135 445 1186 orto
466 1133 544 1186 esset
564 1126 718 1199 discordin3
740 1147 822 1207 quam
843 1135 875 1186 ut
895 1127 1094 1188 seduretviro·

68 1229 114 1286 pue
140 1230 242 1269 moreni
269 1219 402 1293 gereret,
429 1233 503 1272 uxor
529 1211 711 1284 concesserit,
739 1220 770 1271 ut
791 1232 874 1270 soror
894 1212 976 1271 domo
997 1213 1095 1271 absce-

69 1293 144 1352 deret.
187 1294 232 1354 cf.
255 1294 359 1378 fragm.
373 1297 447 1356 Vlll.
470 1305 499 1356 et
519 1296 558 1356 X.
581 1295 695 1378 Fragor.
711 1296 785 1355 Vlll.
811 1295 898 1356 fuerit
919 1295 1021 1355 mariti.
1054 1297 1094 1356 Ut

68 1377 131 1437 dona
154 1387 272 1460 accepte
299 1400 381 1440 soror
407 1381 521 1462 &minu
542 1381 596 1440 sibi
617 1388 726 1453 servet,
753 1401 828 1440 uxor
856 1388 954 1459 opturo
981 1381 1093 1443 videtur

67 1461 157 1543 irogus.
172 1465 233 1524 vll.
262 1465 378 1547 Frngrn.
393 1466 442 1525 lll.
464 1474 494 1525 et
515 1466 562 1525 ll'.
584 1467 683 1526 rnulier
704 1465 827 1526 fortusse
849 1466 917 1525 dicit
938 1466 1027 1526 amico
1047 1465 1093 1526 vel

68 1555 179 1628 cognato
206 1549 331 1622 rustico,
368 1551 441 1629 apud
468 1570 548 1629 quern
576 1552 611 1610 de
641 1551 741 1609 rnarito
768 1550 959 1629 conqueritur.
1010 1551 1093 1610 Unde

68 1634 147 1692 nuriti
167 1633 224 1693 sint
246 1633 377 1715 fruguum.
395 1635 441 1694 Vl.
463 1643 493 1694 et
514 1635 581 1708 lX.;
609 1634 674 1694 itenr
696 1634 775 1707 XV„
803 1636 839 1694 ud
860 1636 994 1694 rusticum
1015 1635 1092 1693 illurn

68 1719 190 1780 conversi.
211 1753 255 1764 -
287 1721 331 1778 Aul
353 1721 434 1779 buius
455 1718 568 1780 inbulae
589 1719 770 1779 imitationem
791 1718 914 1779 sortasse
935 1719 1093 1799 composuit

68 1801 160 1862 Novius
181 1802 350 1864 Geminus
371 1825 464 1878 suum,
495 1825 566 1885 quae
587 1805 718 1864 laudatur
738 1824 756 1864 a
776 1804 869 1863 Nonio
890 1824 918 1865 ι.
940 1804 1092 1866 Festivi-
1200 1799 1203 1806 '

68 1893 114 1945 ter
132 1909 158 1968 p.
175 1895 236 1950 510
259 1890 305 1948 ed.
327 1891 432 1961 Mero.3
463 1889 517 1949 nisi
543 1891 637 1970 potius
664 1888 803 1949 Gemini
832 1888 994 1960 dicebatur,
1026 1888 1092 1966 quio

67 1970 158 2050 legitur
177 1974 317 2034 Nouius
338 1973 371 2033 in
393 1975 570 2046 Geminis,
594 1995 649 2032 non
672 1974 897 2033 Geminabus.
930 1974 975 2030 lix
996 1992 1091 2043 versu,

67 2054 120 2115 inde
130 2058 223 2130 allato,
248 2058 316 2116 nibil
330 2059 498 2139 intelligitur
510 2060 544 2118 de
557 2057 747 2137 inscriptione.
770 2057 861 2116 Porro
877 2055 1091 2137 ascriptoribus
1125 2083 1127 2090 v

67 2139 112 2198 loci
124 2141 281 2202 afferuntur
296 2163 333 2202 ex
351 2142 499 2224 Pomponii
516 2143 651 2203 ltloccis
673 2142 845 2224 geminis,
874 2147 903 2200 et
923 2161 959 2200 ex
975 2140 1092 2200 Lnberii

67 2225 221 2287 Gemellis
246 2234 277 2286 et
297 2227 506 2306 Sororibus.
528 2231 683 2287 Sorores
705 2226 788 2288 etiarn
810 2224 944 2285 Afranius
965 2225 1070 2285 (locuit

474 2379 676 2390 ,ῃ-

348 2498 793 2558 HORTENSlUS.

7 2603 9 2657 l
138 2614 283 2676 Charisius
298 2615 321 2675 l.
354 2637 381 2695 p.
405 2621 465 2679 115
487 2637 532 2696 ap.
562 2616 694 2676 Putscb.:
727 2616 865 2690 „Rure
886 2647 928 2662 -
951 2613 1091 2676 Titinium

7 2669 9 2760 i
69 2693 174 2774 (Plinius
195 2701 305 2760 dixisse
325 2699 435 2784 lnudat)
458 2700 487 2760 in
508 2701 679 2761 llortensio:
997 2777 1000 2784 1

558 2827 609 2845 ..-
639 2777 693 2856 'Iu
726 2786 808 2855 foro
841 2789 904 2854 aut
928 2783 965 2852 in
990 2781 1091 2854 ouria

106 2880 228 2956 Posito
255 2887 386 2977 potius,
413 2879 522 2981 quim
549 2907 634 2958 rure
660 2889 758 2978 apud
783 2894 818 2956 te
844 2886 1019 2956 inclusa.“
1042 2923 1091 2937 --
1133 2974 1139 2989 .

67 2982 183 3045 liotbius:
207 2988 293 3059 „Dici
314 2989 426 3050 uidetur
446 2988 565 3049 alicuius
586 2989 713 3069 pecunia,
734 2989 778 3049 vel
800 2988 829 3046 in
850 2987 914 3047 loro
927 2984 1091 3046 collocando
1215 3061 1220 3070 ἱ

7 3101 8 3106 ’
67 3071 128 3146 apud
148 3072 343 3153 argentarios,
373 3074 418 3135 vel
445 3074 519 3153 opud
546 3074 682 3150 conules,
714 3073 811 3154 potius
833 3092 915 3152 quarn
937 3071 1011 3133 lomi
1031 3090 1091 3130 ser-

67 3155 144 3216 rendo
164 3178 241 3229 rure,
262 3157 311 3218 ubi
331 3158 380 3221 ille
397 3158 551 3240 degebat.“

470 3309 672 3321 *ιιι-.-

394 3444 747 3506 lentinuus.

135 3561 244 3620 Nouius
257 3585 285 3643 p.
298 3571 360 3626 476
373 3564 418 3624 ed.
430 3564 534 3624 biorn:
557 3562 761 3636 „Osculuvb
801 3559 929 3620 Titinius
947 3559 1089 3620 llurubrs:

107 3641 266 3735 Laudor,
294 3651 390 3742 quod
417 3641 581 3720 oscultivi
606 3648 792 3741 privignab
818 3651 963 3739 caput.“

65 3739 225 3810 llsrubrn.
259 3751 329 3810 Ven.
342 3750 364 3810 l.
380 3752 415 3810 ll.
443 3750 510 3810 Par.
533 3752 601 3811 llln
620 3751 737 3810 rubro.
760 3749 846 3810 lludr.
861 3745 962 3807 Junius
974 3743 1089 3805 Elencb.

66 3835 160 3890 nouos.
192 3836 228 3894 nd
261 3831 334 3895 Non.
363 3858 390 3916 p.
415 3842 450 3896 21
485 3843 515 3895 et
541 3836 687 3896 Fabricius
713 3834 786 3894 Bibl.
816 3833 882 3892 Lat.
903 3829 949 3890 lv.
978 3839 994 3891 1
1029 3848 1090 3889 eum

66 3909 254 3997 Cirristopboro
291 3921 391 3981 Wssio
426 3920 561 3980 exhibent
592 3924 645 3982 lla
679 3913 797 3979 rubr'u.
856 3915 1013 3976 lnaudi-tunr
1047 3920 1091 3974 est

66 4013 164 4061 nomen.
209 4005 304 4070 Quare
331 4006 434 4066 lunius
454 4006 474 4064 l.
497 4027 522 4066 c.
553 4007 711 4087 suspicatus
733 4011 792 4078 est,
824 4000 1000 4062 scribendum
1027 4017 1091 4059 esso
1122 4015 1126 4030 ·

68 4077 253 4150 Veliterno.
282 4091 400 4151 Botbius
421 4091 569 4151 inciditis
591 4093 779 4152 illecebra.
811 4088 845 4147 Si
866 4107 904 4148 ex
924 4105 1009 4146 versu
1029 4085 1090 4144 lnu·

7 4177 9 4280 .
68 4161 126 4226 itio
146 4173 381 4262 coniicereqlioet,
402 4184 435 4237 ut
455 4178 520 4238 mibi
542 4177 652 4258 quidem
671 4177 757 4237 licere
773 4174 893 4244 videtur,
914 4169 1090 4233 scribendum
