2824 4966
251 369 283 444 d

256 544 334 638 guli
367 564 453 661 per·
466 563 508 610 se
540 539 677 631 aliquid
700 513 874 606 momenti
897 531 1073 622 habeant,
1092 522 1187 604 fere
1218 531 1300 604 sola

254 647 396 718 ratione
428 643 473 712 iis
504 642 559 712 uti
589 641 685 710 licet.
743 637 793 710 [lt
823 658 913 706 vero
946 635 1080 706 elarius
1113 643 1298 726 appareat,

257 746 443 842 quomodo
469 743 631 835 singula,
665 762 819 833 quorum
843 737 990 808 nomina
1015 739 1114 830 apud
1132 739 1299 830 antiquos

256 851 453 940 scriptores
499 845 753 936 reperiuntur,
800 839 1050 911 Romanarum
1093 841 1300 930 fabularum

257 974 394 1044 genera
419 949 513 1018 inter
536 970 577 1016 se
604 943 852 1031 cohaeserint,
892 965 1056 1035 quaeque
1082 945 1130 1013 ad
1155 949 1300 1062 togatas
1405 1015 1406 1020 ,

256 1055 477 1146 pertineant,
504 1071 598 1142 quae
623 1047 719 1116 ab‘'
694 1069 740 1116 us
765 1045 990 1137 seiungenda
1015 1047 1104 1131 sint,
1129 1047 1300 1114 universe

257 1153 437 1228 nonnulla,
455 1153 502 1220 de
527 1149 777 1220 Romanorum
800 1147 936 1240 fabulis
968 1149 1164 1233 scaenicis,
1200 1153 1299 1215 ante·
1405 1195 1406 1200 η

257 1279 366 1348 quam
397 1254 513 1344 ipsam
546 1248 826 1343 disputationem
858 1251 905 1319 de
937 1250 1071 1342 togatis
1109 1247 1301 1341 aggredia-

256 1381 356 1445 mur,
388 1355 558 1425 videntur
582 1353 764 1423 mouenda
789 1374 882 1422 esse.

358 1457 580 1528 Fabulamm
605 1455 854 1525 scaeniearum
880 1452 977 1544 apud
996 1450 1184 1522 Romanos
1205 1449 1301 1520 aliae
1406 1535 1407 1560 Χ

260 1569 365 1633 erant
398 1555 627 1644 Graecae,
662 1557 757 1625 aliae
782 1555 999 1642 Latinae,
1033 1553 1073 1625 id
1096 1562 1172 1640 est,
1207 1551 1302 1622 aliae

260 1660 447 1735 Graecum
459 1659 663 1729 habuerunt
678 1665 946 1778 argumentum,
973 1655 1069 1726 aliae
1082 1654 1300 1734 Romanurn.

362 1758 499 1834 Graeci
539 1761 742 1854 argumenti
786 1767 890 1828 erant
923 1760 1188 1852 tragoedia,
1234 1780 1301 1827 co·

260 1864 463 1950 moedia,
502 1861 955 1956 tragicoeomoedia,
990 1861 1160 1932 mimus.
1231 1856 1302 1929 lli·
1407 1869 1408 1882 ²

260 1989 403 2038 morum
425 1973 678 2055 argumentum
693 1959 877 2035 Graecum
890 1963 1023 2050 luisse,
1049 1962 1212 2032 nonnulli
1225 1961 1302 2054 qui·

262 2071 363 2153 dem,
390 2073 430 2136 ut
450 2065 549 2158 Aug.
572 2061 671 2137 Guil.
693 2065 923 2158 Schlegelrus
935 2063 973 2160 ²)
1001 2075 1038 2135 et
1056 2061 1301 2156 Baehrius³),
1408 2080 1409 2104 ι

261 2176 407 2263 negant.
460 2166 657 2238 Sedrecte
678 2169 883 2258 suspicatus
910 2173 966 2236 est
983 2161 1235 2252 Reuuensius‚
1260 2163 1303 2236 li·
1408 2249 1409 2258 ἵ

263 2281 321 2342 cet
352 2270 489 2340 infelici
512 2293 685 2339 successu
717 2293 795 2339 rem
820 2269 1140 2364 demonstrares),
1179 2267 1304 2338 diseri-
1408 2279 1409 2292 ¹

262 2396 346 2443 men
379 2393 461 2440 esse
494 2372 723 2440 statuendum
755 2373 849 2440 inter
874 2371 1039 2458 mimum,
1073 2371 1133 2463 qui
1159 2370 1304 2462 proprie

263 2475 421 2558 dicatur,
462 2473 566 2541 cuius
598 2479 849 2564 argumentum
880 2473 991 2543 fuerit
1025 2468 1229 2559 Graecum,
1268 2477 1306 2541 et

263 2573 526 2669 planipediam,
559 2595 654 2665 quae
687 2581 724 2642 et
755 2574 836 2665 ipsa
868 2597 916 2644 ex
948 2577 1140 2645 mimorum
1171 2593 1305 2667 genere

264 2685 361 2766 erat,
394 2677 567 2767 cuiusque
594 2687 844 2767 argumentum
869 2686 949 2748 erat
972 2675 1189 2747 Romanum.
1409 2763 1410 2770 ἵ

365 2775 617 2866 Planipediam
643 2800 692 2847 ex
717 2779 907 2848 mimorum
927 2802 1062 2873 genere
1082 2779 1216 2864 fuisse,
1236 2793 1306 2867 ‘ap-

264 2885 369 2973 paret
393 2902 442 2949 ex
466 2877 566 2948 Festi
591 2880 692 2950 loco:
734 2878 1024 2968 ,‚Reeininm,
1065 2903 1171 2951 omne
1196 2879 1306 2950 resti-

264 2988 424 3052 mentum
446 2981 661 3072 quadratum
685 3023 737 3033 -
761 2983 858 3051 unde
883 2983 1049 3054 reciniati
1073 2983 1173 3052 mimi
1193 2979 1307 3072 plani·

264 3084 429 3175 pedes;“
465 3091 572 3173 atque
602 3106 652 3153 ex
684 3081 873 3154 Diomedis
906 3083 1141 3180 verbis⁵):,
1143 3083 1307 3170 ‚Quarta

264 3185 406 3276 speeies
432 3180 654 3305 (fabularum
669 3181 901 3284 Latinarum)
927 3194 983 3257 est
1001 3187 1220 3278 planipedis,
1245 3184 1308 3276 qni

266 3282 412 3358 Graece
438 3286 568 3356 dicitur
591 3289 767 3358 mimus.“
818 3288 888 3358 Hic
914 3287 1105 3359 Diomedis
1130 3289 1234 3357 locus
1258 3285 1307 3356 si·

266 3389 348 3458 mul
368 3388 545 3458 eiusmodi
570 3397 643 3475 est,
682 3395 725 3458 ut
754 3393 1010 3481 grammaticus
1035 3391 1128 3459 inter
1159 3387 1309 3459 mimum

268 3496 305 3559 et
335 3489 563 3580 planipedem
593 3491 732 3561 nullum
763 3492 956 3562 discrimen
990 3498 1149 3562 statuere
1181 3491 1307 3560 videa·

267 3599 344 3678 tur,
377 3592 444 3660 sed
467 3596 712 3662 tantummodo
739 3593 918 3680 indicare,
951 3593 1012 3686 qui
1039 3589 1184 3666 Graeco
1209 3590 1308 3660 diea-

268 3701 328 3764 tur
350 3691 500 3780 mimus,
533 3696 687 3764 eundem
710 3695 842 3765 Latine
869 3696 1043 3786 appellari
1067 3695 1307 3786 planipedem.

269 3793 334 3867 Sic
366 3793 476 3864 etiam
505 3795 628 3866 locum
657 3796 913 3868 intellexerunt
946 3797 1065 3868 Lilius
1099 3793 1309 3889 Gregorius

355 4011 388 4094 2)
410 3967 608 4095 Vorlesungen
629 4013 717 4074 ueber
732 4015 819 4076 dram
832 4015 929 4076 Kunst
942 4016 999 4076 und
1014 4013 1086 4076 nite
1107 4015 1148 4075 Τ.
1160 4014 1183 4073 Ι.
1204 4035 1232 4093 p.
1245 4018 1310 4074 387

271 4097 425 4177 einp-d.
446 4131 490 4144 —-
510 4094 544 4179 3)
568 4099 670 4161 Gesolr.
692 4099 743 4161 der
763 4121 852 4161 roem.
873 4101 933 4161 Lit.
955 4124 982 4182 p.
997 4106 1040 4165 53
1052 4121 1094 4181 sq.
1111 4131 1159 4145 ·-
1183 4099 1219 4179 4)
1241 4096 1311 4156 Gol-

269 4187 373 4258 lectan.
394 4182 450 4242 litt.
471 4204 499 4262 p.
511 4190 551 4246 63
565 4203 628 4263 sqq.
648 4218 690 4233 -·-
717 4183 752 4267 5)
774 4187 823 4247 lll.
844 4207 872 4268 p.
885 4191 949 4251 487
959 4185 1134 4268 ιριΡιιιιοιι.
