2774 4972
154 358 158 364 ’
275 353 354 434 m

275 555 359 607 cnm
384 554 472 624 proc
497 533 651 604 caeteris
675 532 885 606 imitaretur.
937 531 1062 608 Mmtrs
1082 545 1200 608 tamen
1216 537 1300 608 hono

129 627 133 639 ⁸
275 635 367 708 Titii
391 633 627 726 Terentiique
651 636 887 708 imitationem
911 639 958 707 od
978 639 1182 710 tabularum
1203 660 1300 731 orgu-

273 745 407 824 mentn,
432 759 542 829 quom
567 738 614 806 ad
632 736 877 826 Latinitatem,
904 740 1120 831 pertinuisse
1145 741 1300 828 arbitror,

272 841 357 932 quio
380 846 532 930 uterque
557 841 704 930 egregie
725 837 855 914 Latine
879 842 1034 933 scripsit,
1060 865 1105 914 sc
1123 847 1302 932 practerea

273 939 317 1014 G.
344 940 466 1013 Titius
497 939 608 1031 poiita
639 942 798 1032 magicus
830 949 920 1012 erut.
972 943 1066 1014 Nam
1092 950 1246 1036 togatos,
1268 945 1302 1014 id

273 1051 340 1129 est,
366 1049 509 1134 togatos
533 1049 781 1132 praetextatas
810 1039 854 1114 G.
881 1043 1032 1133 Titium,
1058 1066 1169 1137 quum
1194 1041 1301 1118 Grae·

272 1145 325 1216 cis
353 1144 481 1216 litteris
504 1151 656 1230 careret,
676 1146 877 1236 scripsisse,
896 1147 1127 1218 festinantius
1155 1145 1299 1217 Wctzo

271 1247 361 1318 lium
403 1247 594 1336 collegisse
631 1252 730 1316 recte
762 1254 884 1318 monet
914 1247 1118 1320 Ellendtius
1151 1249 1200 1318 ad
1232 1245 1300 1318 (lic.

270 1348 375 1420 Brut.
405 1345 525 1418 XLV.
577 1344 706 1418 Potuit
737 1350 850 1435 enim,
902 1357 944 1420 ut
979 1351 1077 1422 idem
1108 1349 1301 1420 Ellendtius

270 1457 410 1537 monet,
438 1450 483 1518 de
508 1447 635 1536 Ennii,
671 1446 846 1536 Pacuvii,
882 1451 976 1522 Attii
1008 1452 1144 1523 fabulis
1169 1452 1300 1543 aliquas

271 1553 479 1643 desumptas
522 1572 589 1622 sno
636 1552 744 1642 modo
782 1553 980 1624 informare
1018 1561 1128 1646 atquo
1168 1572 1298 1624 ornare.

271 1648 498 1725 Gravissima
529 1658 650 1724 autem
688 1651 865 1724 wenclii
904 1655 1102 1726 sententiae
1134 1653 1175 1724 id
1202 1675 1299 1745 rope·

258 1763 369 1848 vgrint,
396 1756 494 1846 quotl
517 1754 667 1826 tabulae
692 1761 952 1844 praetextatae,
978 1757 1048 1826 nisi
1073 1757 1171 1847 apud
1196 1757 1298 1827 serio·

268 1880 328 1928 res
368 1859 563 1948 quostiam,
612 1856 826 1946 tragoediae
865 1877 938 1926 non
980 1857 1158 1928 dicuntur.
1209 1855 1299 1934 Quin

252 1959 411 2042 ⁴etiamsi
449 1979 537 2028 vere
578 1955 620 2028 Ο.
654 1956 776 2028 Titius
807 1964 1053 2049 praetextatos
1091 1958 1297 2049 scripsisset,

268 2067 391 2130 tamen
422 2060 516 2130 inter
548 2058 615 2128 lias
649 2081 792 2151 quoque
825 2068 862 2131 et
893 2065 1037 2150 togatas
1069 2059 1296 2144 tabernarios,

268 2163 393 2254 quoles
424 2161 602 2232 Afranius
626 2161 732 2247 iecit,
757 2168 858 2230 tanta
881 2159 1127 2234 intercedebat
1152 2161 1297 2233 dissimi

265 2265 400 2350 titudo,
440 2271 480 2334 ut
518 2285 564 2334 ne
603 2285 653 2336 ex
683 2262 741 2334 his
773 2262 915 2354 quidem
947 2263 1056 2334 facile
1087 2270 1295 2356 togatorum,

219 2439 221 2446 ,
265 2366 410 2456 proprie
436 2365 623 2448 dictarum,
649 2373 862 2456 argumenta
885 2364 959 2454 peti
983 2373 1141 2455 possent.
1184 2362 1295 2438 Porro

266 2468 304 2537 in
328 2466 476 2537 Afranii
498 2466 724 2558 fragmentis,
753 2466 917 2557 quamvis
942 2487 1015 2536 non
1040 2468 1179 2555 paucis,
1204 2487 1296 2558 pror·

266 2593 328 2640 sus
360 2569 451 2638 nihil
477 2575 551 2658 est,
593 2570 693 2660 quod
725 2589 807 2638 eum
840 2590 862 2638 a
896 2565 1071 2637 Terentio
1104 2569 1292 2662 sumpsisse

265 2677 364 2742 certo
399 2669 581 2740 affirmare
614 2668 750 2760 possis,
786 2669 902 2740 oratio
929 2677 1049 2738 autem
1074 2669 1171 2741 illius
1197 2669 1294 2740 huius

265 2773 421 2844 orationi
444 2771 608 2864 proiecto
635 2792 709 2840 non
734 2777 789 2840 est
815 2771 1008 2841 dissimilis
1041 2764 1163 2842 Etiam
1189 2779 1292 2841 metm

263 2875 428 2960 Afranii,
463 2881 634 2966 quantum
661 2895 708 2942 ex
734 2872 892 2966 reliquiis
918 2871 1078 2942 iudicare
1103 2873 1201 2960 lic'et,
1226 2869 1291 2942 Te·

262 2975 435 3047 rectionis
462 2974 592 3044 similia
616 2975 781 3061 iuuerunt,
808 2975 877 3044 nisi
902 2974 997 3068 quod
1023 2975 1197 3044 nonnulla
1221 2995 1290 3042 ver·

263 3100 367 3149 suum
393 3099 528 3168 genera
553 3097 748 3166 usurpasse
773 3076 933 3162 videtur,
960 3075 1088 3167 quibus
1105 3075 1290 3146 Terentius

261 3201 350 3250 usus
375 3201 448 3247 non
474 3183 539 3262 est,
567 3185 602 3245 et
628 3179 726 3269 qnod
752 3199 846 3264 eum,
872 3185 912 3247 ut
931 3173 1110 3248 Naevium
1137 3185 1175 3246 et
1190 3175 1289 3246 Plau·

262 3288 356 3367 tum,
384 3280 573 3364 clausulis,
600 3299 752 3367 quarum
780 3279 888 3348 etiam
913 3280 950 3346 in
974 3279 1187 3368 fragmentis
1211 3282 1288 3368 poi·

260 3390 320 3454 tae
346 3381 463 3451 adhuc
490 3387 634 3450 exstant
656 3381 821 3471 exempla
842 3381 987 3472 aliquot,
1014 3379 1179 3451 licentius
1194 3397 1288 3448 usum

260 3507 342 3555 esse
367 3481 509 3560 Marius
535 3480 745 3552 Victorinus
777 3482 859 3552 Art.
894 3504 1044 3570 gramm.
1060 3479 1114 3550 II.
1141 3504 1176 3572 p.
1198 3473 1288 3552 2524

260 3608 317 3677 up.
356 3581 506 3656 Potseh.
555 3589 591 3651 et
630 3579 782 3652 Rufinus
823 3579 1066 3651 (inminenter.
1105 3581 1143 3652 in
1182 3589 1286 3652 metra

259 3685 409 3757 Terent.
435 3708 470 3778 p.
487 3681 587 3757 2708
614 3705 671 3776 ap.
698 3681 846 3754 Putsch.
874 3691 1061 3755 testantur.

357 3855 549 3948 Ingenium
574 3851 720 3923 Afranii
753 3851 1072 3923 foecundissimum
1098 3859 1184 3920 erat.
1222 3845 1283 3917 Su·

258 3965 407 4052 persunt
434 3957 529 4028 enim
558 3955 677 4024 adhuc
710 3953 791 4044 plus
820 3955 1058 4046 quadraginta
1089 3952 1282 4023 fabularum

259 4061 337 4131 eins
360 4060 472 4148 tituli3
500 4066 536 4130 et
559 4057 638 4148 quis
659 4064 779 4149 neget,
806 4057 892 4151 quin
911 4053 1074 4126 nonnulli
1096 4061 1282 4144 temporum

257 4165 362 4254 lapsu
384 4155 652 4232 interciderint?
