2774 4972
1045 375 1125 458 lou

132 591 179 606 -
194 543 342 638 Fliteor,
370 565 476 647 inquit,
504 549 641 644 sumpsi
654 543 728 622 urin
745 551 791 622 ab
806 550 867 622 lllo
882 543 964 623 sold
977 555 1100 643 modo,
1199 643 1205 654 ¹

133 653 207 726 sed
228 656 269 724 nt
290 655 439 746 quisque
461 653 600 740 habult,
629 653 841 724 conveniret
854 645 951 746 qudd
974 655 1075 744 mihi,

133 755 314 850 Quodque
336 756 393 826 mi
416 779 488 826 non
510 777 619 848 posse
644 757 771 828 melius
792 757 917 828 faeere
944 757 1101 849 eredidi3

131 849 298 930 Etiamsi
325 857 497 930 Latino.“
522 898 574 910 -
868 909 872 915 -

90 976 149 1035 illo
170 975 262 1035 solo.
285 977 369 1034 llotls.
390 975 469 1036 solo
491 975 566 1034 illo.
598 971 803 1034 CliAuetiouir
819 973 922 1054 fragm.
940 974 989 1034 lll.
1011 983 1041 1036 et
1055 995 1127 1056 quos

91 1062 162 1120 loros
174 1060 213 1120 ili
227 1061 383 1121 laudamus.
405 1094 446 1106 -
458 1056 683 1144 :conveniret
703 1079 746 1138 qu
757 1059 808 1118 od.
836 1059 919 1118 Libri
936 1069 1025 1120 metro
1038 1061 1127 1122 invito

90 1145 172 1223 quud
193 1145 421 1206 conveniret.
444 1145 579 1205 Correxit
593 1144 720 1215 Botlrins,
738 1144 819 1203 simul
834 1145 940 1223 absque
957 1145 1127 1208 neeemitute

91 1231 181 1295 Quod
198 1230 535 1310 scribeusproeo,quod
550 1229 636 1289 estin
650 1229 738 1300 libris,
757 1229 941 1308 Quodque.
956 1264 997 1276 -
1019 1233 1127 1312 Utpri-
1178 1239 1184 1252 “

8 1319 9 1326 ’
90 1335 143 1374 nus
163 1335 265 1376 rerem
286 1316 401 1396 integer
420 1315 467 1387 sit,
486 1313 611 1374 fortasse
628 1313 784 1374 addendum
798 1315 875 1395 llgo
890 1313 935 1376 vel
951 1316 1129 1378 scribendum

89 1399 289 1480 sumpsisse.
312 1399 447 1460 lluulsins
458 1400 494 1460 de
508 1400 608 1480 Pomp.
630 1400 702 1460 llou.
718 1420 746 1478 p.
764 1407 804 1460 38
821 1398 947 1460 sustinuit
961 1401 1128 1463 scribesdos

8 1529 9 1532 η
126 1485 258 1559 Suessi,
281 1483 420 1558 fateor,
442 1485 484 1546 uls
506 1485 572 1544 illo
594 1505 664 1544 nou
685 1484 765 1545 solo
787 1483 897 1546 nodo.

585 1619 620 1681 v.

8 1815 9 1822 ἵ
166 1738 336 1799 Priscianus
351 1739 386 1798 V.
404 1747 434 1800 8.
452 1741 503 1800 ld.
531 1759 558 1818 p.
578 1743 639 1802 659
662 1737 860 1819 ap.1’nmals.s
888 1737 979 1812 „llio
1005 1745 1035 1800 et
1063 1739 1130 1802 hoo

8 1831 9 1872 ὲ
91 1822 146 1883 ιιι.
171 1823 311 1885 Afranius
332 1823 361 1882 iu
384 1823 600 1903 Compitalibuss

227 1963 280 1979 —-
306 1926 367 2012 Ut,
393 1917 565 2020 quidquid
590 1923 761 2017 loquitur,
787 1915 845 1996 sall
869 1945 1010 2000 merum
1035 1931 1129 1999 eet.“

169 2229 290 2309 Fragm.
316 2228 381 2299 lll.‚
402 2235 437 2286 nt
459 2228 520 2299 lV.,
548 2246 585 2286 ex
613 2225 735 2308 prologo
758 2231 895 2305 sumptum
918 2245 981 2286 esse
1002 2237 1129 2308 apparet.

94 2311 147 2372 lleo
173 2314 268 2372 minus
297 2313 362 2372 iude
389 2313 527 2371 sublatum
554 2331 618 2370 erse
636 2311 669 2370 V.
676 2355 685 2384 ,
717 2309 778 2372 sive
804 2312 839 2369 ad
862 2311 1046 2372 lllenandruru
1068 2315 1130 2377 sive

8 2447 9 2456 ,
93 2397 122 2454 ud
155 2397 327 2458 Terentium
366 2396 520 2470 reseretur,
569 2395 751 2476 probabiliter
791 2395 901 2475 putavit
933 2397 979 2456 Jo.
1019 2399 1130 2461 Volent.

8 2467 9 2504 ³
93 2481 256 2544 Frauolsius.
300 2482 420 2542 Omnino
442 2481 577 2542 dli-auius
604 2481 633 2541 iu
655 2481 708 2540 hoo
730 2481 865 2562 prologo,
886 2479 926 2558 int
947 2482 1130 2545 imitationem

93 2585 163 2626 suom
184 2568 308 2628 aliorum
330 2576 495 2638 excusaret,
523 2586 593 2625 usus
622 2585 686 2626 esse
706 2565 818 2626 videtur
840 2567 981 2625 Terentio
1003 2577 1130 2642 auctore,

94 2651 148 2728 qui,
175 2652 304 2732 quamvls
326 2652 437 2732 etipse
459 2651 529 2710 alios
552 2651 676 2710 imitatus
698 2651 750 2723 sit,
782 2659 874 2709 tomen
896 2671 1019 2711 summus
1042 2655 1130 2714 exsti-

94 2737 162 2796 terit.
197 2738 285 2803 Quod
314 2744 407 2796 autern
429 2736 465 2795 ad
488 2736 599 2796 fabulae
621 2744 816 2818 argumentum
838 2735 953 2808 attinet,
983 2740 1044 2817 pori
1066 2760 1131 2818 pro·

92 2818 233 2881 labilitate
265 2821 387 2882 coniecit
413 2821 584 2892 Fraucldus,
618 2820 653 2879 X
658 2821 790 2896 alesia
821 2821 969 2880 Menandri
1002 2825 1130 2904 exemplo

94 2903 175 2968 luisse
201 2914 368 2986 togatarum
397 2913 512 2986 potitae,
542 2905 667 2965 fortasse
699 2905 778 2964 simul
807 2905 968 2985 respicienti
992 2902 1132 2989 ’Erupi-

8 3023 9 3042 2
95 2987 224 3064 ζοντας
245 2991 360 3070 Diphili,
382 2991 423 3050 ito
443 3000 476 3050 ut
497 2990 690 3050 l'uloaualium
717 2991 780 3050 loco
803 2992 971 3070 Compitnlio
992 3013 1131 3072 poneren-

8 3091 9 3116 1
95 3081 145 3148 tur,
166 3084 254 3156 atque
276 3095 314 3136 ex
334 3074 447 3135 Afranii
468 3075 564 3135 fulsulo
585 3075 686 3135 deinde
704 3075 854 3134 Laberium
871 3078 1032 3156 cognomini
1049 3080 1131 3139 mimo

96 3169 287 3241 argumentum
309 3161 453 3240 petivisse.
486 3161 546 3220 Neo
566 3179 683 3240 prorsus
705 3159 853 3220 dissimiles
875 3161 950 3220 inter
970 3181 1002 3222 se
1018 3183 1132 3226 moseu-

8 3283 10 3312 ,
96 3249 137 3302 tur
156 3245 348 3329 cogitationes
375 3247 423 3306 illo
445 3244 555 3306 Afranii
583 3245 780 3305 Praeterea
807 3265 937 3325 corpus
959 3255 1013 3306 ete.
1036 3255 1065 3307 et
1087 3249 1131 3322 iis,

8 3383 10 3414 ,
97 3346 161 3405 quae
181 3352 221 3432 eps
242 3333 417 3392 llenaudrea
437 3330 534 3391 labula
554 3328 649 3390 attulit
670 3330 811 3390 Stobaeus
824 3331 925 3413 Eclog.
947 3331 1010 3391 Tit.
1028 3340 1132 3396 nuo

8 3487 9 3530 ι
97 3414 136 3474 ω.
157 3415 313 3577 αυῗὸῦκ
334 3494 372 3560 ἂν
391 3495 497 3581 γίνοιτ’
522 3497 654 3580 ἐρῶντος
674 3490 863 3580 ἀθλιώτερον

220 3581 320 3646 Ouidio
339 3582 489 3666 γέροντος,
511 3581 589 3663 πλὴν
611 3581 710 3662 ἕτερος
722 3581 827 3692 pipam
848 3583 944 3664 ἐρῶν·

208 3664 266 3744 Ὃς
287 3665 346 3752 γὰρ
369 3665 534 3731 ἀπολαύειν
553 3661 691 3746 βούλεθ’,
713 3691 756 3730 ιιι
776 3664 970 3729 ἀπολείπεται

217 3750 282 3816 Διὰ
304 3751 357 3816 τὸν
375 3749 496 3838 χρόνον,
518 3757 583 3826 πῶς
605 3740 694 3826 οἶτος
716 3750 773 3815 οὐκ
795 3749 853 3814 l'or’
878 3747 1029 3831 ἄθλιος;“

8 3847 10 3930 ζ
98 3849 191 3914 Potuit
218 3863 312 3916 autem
340 3855 418 3929 fieri,
452 3865 485 3916 ut
509 3855 646 3915 Afranius
672 3857 806 3915 nonnulla
834 3855 917 3915 etiam
947 3862 1071 3915 sumeret
1097 3876 1134 3916 ex
1207 3857 1216 3876 “

98 3935 415 4023 Παιηγυρισταΐς
440 3941 569 4000 Platonis
596 3947 625 4000 et
647 3941 767 4001 Diodori
789 3939 970 4020 Sinopensis,
1001 3940 1075 4000 sicut
1097 3961 1135 4002 ex

8 4027 9 4088 l
99 4018 315 4107 Huvpyripss
342 4026 524 4086 Philemonis.
569 4027 718 4086 Caeterum
746 4025 807 4087 veri
833 4047 890 4085 non
921 4033 966 4084 est
992 4026 1135 4100 dissimile,

8 4107 9 4110 ’
100 4110 168 4182 quod
194 4113 359 4190 pronuntiat
383 4112 542 4171 Kordesius
568 4112 605 4171 ad
630 4111 808 4172 Eberhardtii
835 4111 957 4170 libellum
978 4111 1014 4171 de
1034 4111 1136 4171 artium

101 4188 274 4257 humanitatis
302 4203 379 4258 motu
405 4217 450 4277 ap.
478 4197 560 4256 llum.
588 4205 687 4278 pto,
714 4195 934 4276 Compitalia
964 4202 995 4258 et
1020 4195 1135 4280 Mega·
