2790 4970
1055 355 1138 434 279

99 531 123 592 l.
142 551 169 594 r.
189 561 233 576 -·
253 528 500 592 Putilueulos.
536 528 586 590 Sin
608 527 781 611 Spengelius
803 549 864 588 oum
886 548 944 589 uuo
966 530 1137 592 cod.Paris.
1203 571 1207 584 ·

98 623 126 677 et
143 617 186 682 ed.
208 616 363 696 Augustin.
394 635 484 695 marg.
515 614 604 673 codd.
626 614 754 676 Florent.
777 621 807 674 et
827 615 919 676 flava.
941 616 1136 678 eutieulos.

98 701 189 782 Vulgo
208 699 404 780 puticulos.
449 699 583 781 Scaliger
603 700 808 778 putilueos,
830 699 859 758 iu
882 701 1010 782 margine
1029 701 1137 783 etipse

98 786 219 850 nubem
239 784 481 868 Putilueuloo
504 785 717 844 -Caeterum
747 785 793 843 hie
815 791 844 842 et
865 785 950 845 Gellii
971 786 1067 859 loeus,
1090 787 1138 865 qui

98 870 166 950 apud
196 891 251 928 nos
284 877 329 930 est
349 866 437 942 ΚΝ,
460 869 589 929 effecisse
611 869 757 943 videntur,
779 876 812 927 ut
833 871 905 949 apud
928 870 1079 930 Funecinin
1102 873 1138 932 ‹le

98 956 223 1016 Adolese.
256 955 324 1016 Lat.
346 955 417 1036 ling.
441 976 468 1033 p.
486 961 527 1016 98
557 952 707 1035 Togata
733 953 762 1014 in
789 953 947 1014 stimulorum
968 955 1136 1016 Afraniana·

98 1060 153 1100 run
184 1060 331 1099 nnmerum
358 1041 449 1100 relata
477 1039 524 1098 sit.
568 1040 627 1098 Sed
659 1039 757 1117 procul
784 1039 868 1098 dubio
890 1040 1017 1119 plerique
1040 1060 1137 1100 omnes

99 1124 197 1184 rectius
218 1131 364 1196 statuunt,
396 1144 498 1183 nomen
521 1123 549 1181 in
572 1123 634 1182 istis
656 1124 726 1184 locis
749 1123 881 1183 omissum
903 1145 982 1199 esse,
1013 1124 1138 1204 illudque

98 1217 223 1290 togata
262 1209 453 1269 tantummodo
494 1228 587 1290 genus
623 1208 781 1269 stabularum
817 1209 953 1270 indicare.
1003 1210 1138 1271 Similiter

97 1294 204 1374 scripsit
231 1295 380 1354 Charisius
396 1295 418 1354 Ι.
440 1316 469 1374 p.
492 1301 552 1354 118
575 1314 620 1372 ap.
642 1292 773 1354 Puteola:
806 1295 976 1368 „Mummius
1003 1294 1031 1354 in
1058 1295 1138 1354 Atel·

10 1437 12 1466 Ι
98 1379 197 1454 lana;“
227 1387 259 1440 et
279 1378 389 1440 Nonius
415 1400 444 1441 r.
465 1377 640 1439 Bidentes
662 1400 689 1458 p.
707 1385 746 1442 ⁵3
770 1380 815 1440 ed.
835 1367 941 1440 llere:
965 1378 1137 1460 „Pomponii

100 1461 125 1522 in
145 1455 309 1524 Atellano-‘⁶

568 1613 663 1676 XXll.

10 1821 11 1826 η
175 1732 325 1814 amonius
357 1751 385 1810 in
413 1748 549 1831 epistola,
582 1769 637 1829 qna
665 1749 767 1810 Paullo
798 1751 975 1810 commendat
1007 1745 1138 1830 elyllinin

10 1839 11 1842 ’
99 1835 184 1911 xlii,
204 1837 374 1898 oenionenr:
398 1835 505 1908 „Solae
527 1835 677 1894 memoriae
698 1834 860 1916 negoiium‚
883 1856 982 1914 sparsa
1002 1835 1139 1916 colligere

100 1929 126 1980 et
145 1923 294 2006 integrare
315 1921 456 1992 lacerata,
486 1921 561 1997 quod
582 1920 674 1978 ridere
696 1919 803 2000 magis,
832 1940 914 1999 quam
935 1919 1052 1979 laudare
1073 1940 1136 2000 pos·

101 2006 150 2080 ὼς
176 2023 227 2090 pro
251 2025 325 2087 quo,
357 2006 382 2064 si
412 2025 465 2084 per
486 2003 635 2086 Sigillaria
661 2004 690 2063 in
718 2003 850 2062 auctione
882 2005 1006 2076 veniret,
1047 2024 1139 2084 neque
1259 2031 1267 2042 ·

101 2090 229 2152 Afranius
259 2091 365 2151 nauci
396 2091 493 2162 duret,
531 2107 585 2148 nee
612 2088 701 2148 einum
732 2107 814 2148 snum
840 2089 960 2148 Plautus
993 2087 1139 2150 offerret.“

102 2175 165 2236 lude
186 2197 251 2238 esse
272 2177 399 2247 videtur,
423 2175 498 2254 quod
521 2173 685 2234 Gulielmius
707 2174 856 2234 Verisimil.
876 2177 912 2234 ll.
936 2183 975 2237 ro
998 2196 1035 2236 ex
1057 2173 1139 2234 Afra²

102 2262 144 2320 nio
167 2265 246 2342 ponii
268 2264 369 2320 hamo
392 2280 459 2319 non
482 2260 588 2319 nauci
609 2260 638 2318 in
658 2259 755 2320 llisoe:
782 2261 847 2332 „Ue
862 2259 1012 2332 Afranius,
1040 2257 1139 2319 homil

103 2365 165 2405 non
187 2347 308 2418 nauci3
331 2345 472 2415 Naevius,
494 2365 561 2403 non
585 2345 824 2424 quisquiliae3
848 2346 978 2404 Vatinius
999 2345 1073 2425 apud
1094 2345 1141 2405 ci-

103 2450 242 2504 ceronem,
266 2451 334 2493 non
356 2429 537 2502 semissis3
564 2428 699 2501 Planius,
731 2449 799 2488 non
823 2429 937 2502 assir,
965 2450 1032 2488 non
1051 2430 1141 2491 irio-

105 2513 185 2575 holi:
218 2519 260 2578 ita
286 2517 336 2590 xliie
365 2512 453 2594 (apud
478 2513 599 2574 Nonium
627 2534 654 2574 r.
677 2513 821 2595 Seniue]
843 2515 1032 2594 Pomponius,
1070 2536 1141 2574 non

104 2603 306 2663 reacuntiae
327 2599 417 2671 dixit,
444 2599 481 2659 de
502 2618 536 2657 eo
558 2597 606 2677 qui
628 2599 705 2656 nihili
726 2605 756 2658 et
777 2600 869 2659 nullae
897 2600 939 2659 rei
966 2604 1072 2660 esset.“
1109 2601 1142 2660 ln

11 2701 12 2772 }
106 2683 201 2746 lexicis
223 2689 325 2746 homo
347 2705 415 2746 non
437 2682 543 2745 nauei
565 2703 603 2742 ex
623 2682 717 2768 Ennio
739 2691 769 2743 et
788 2683 892 2744 Plauto
913 2684 1046 2746 afferunt.

563 2851 673 2912 XXlll.
787 2899 790 2908 ,

183 2971 302 3052 Lipsius
328 2971 365 3030 ad
394 2972 522 3030 Senecae
552 2969 644 3051 Epist.
674 2969 772 3033 ΗΚΛ
805 2972 959 3044 „Muretus
986 2972 1144 3053 appositum

106 3049 210 3116 Afranii
230 3076 345 3119 versum
366 3055 490 3126 monuit,

152 3141 338 3232 Gaudebit
363 3157 520 3250 sapiens,
545 3155 776 3228 laetabuntur
804 3159 934 3230 ueteri:

108 3258 222 3351 Afranii,
245 3297 282 3336 en
304 3278 424 3335 snuml“
455 3274 574 3337 Videtur
600 3274 730 3337 Muretus
756 3276 831 3337 hune
851 3297 963 3339 versum
983 3276 1088 3339 secisse
1109 3276 1146 3336 etl

109 3355 286 3426 imitationem
308 3361 415 3422 uminis
436 3359 539 3442 ξιιμ.
562 3357 624 3419 Vll.
