2774 4972
259 339 339 420 m

260 521 325 580 dum
352 524 398 580 ent
422 517 469 578 hic
492 515 658 580 noenbulunn
685 518 870 579 senectuti
901 519 948 582 vel
974 514 1163 591 dneetsti,
1184 523 1218 579 nt
1238 517 1302 578 diu
1363 511 1364 518 '

259 625 318 666 nou
345 605 447 676 semel3
483 602 539 662 nini
567 601 643 662 forte
675 611 754 664 reete
789 605 984 684 transponitur
1011 626 1030 665 a
1059 605 1182 664 Bomio:
1220 610 1303 662 tuae
1363 625 1364 630 ¹

260 688 456 750 senectuti.
477 718 521 736 ·-
541 688 643 748 venit
659 707 778 748 cucco.
804 689 872 750 Per.
893 689 995 751 venit
1015 691 1103 749 iden
1127 707 1303 749 caeco-
1363 693 1364 732 l

260 774 415 834 dementi
436 773 503 832 tibi
524 771 670 854 iudogavit
691 774 820 834 Botbius.
842 775 914 835 Cod.
937 776 1056 854 Gnelpb.
1078 776 1170 834 llere.
1194 773 1303 832 deire-
1363 825 1364 838 ,

261 860 339 920 tibi.
361 859 426 918 Ald.
448 859 544 917 deme
561 857 639 916 tibi.
668 858 738 917 l'en.
754 862 777 918 l.
796 860 833 918 ll.
856 859 1017 919 demetri.
1038 860 1106 920 Por.
1121 857 1303 936 Bemsteplr.
1363 929 1364 932 Ἴ

260 945 328 1004 Jun.
356 943 521 1003 dementi.
555 975 592 990 «ι-
623 942 707 1008 Quod
739 944 775 1002 nd
807 944 874 1003 illud
908 945 1080 1015 lnsolnm,
1113 944 1304 1002 insolitum

261 1029 373 1100 attinet,
394 1027 550 1088 Merserius
571 1027 642 1086 bace
662 1026 785 1106 profert:
813 1029 894 1100 „vix
921 1028 992 1088 fides
1020 1029 1183 1096 adhibenda
1203 1027 1304 1086 llloaio.
1363 1039 1364 1050 ¹

261 1117 328 1193 quin
351 1113 444 1192 potius
468 1113 496 1172 ia
519 1120 640 1190 utroque
655 1114 784 1192 exemplo
807 1113 961 1172 insolam
984 1115 1131 1185 venire,
1155 1133 1215 1171 non
1231 1110 1305 1171 aliud

262 1206 315 1272 ent,
338 1217 420 1277 qoem
443 1198 517 1276 opud
533 1198 698 1257 Ciceronem
713 1207 743 1256 et
760 1198 913 1258 Varronem
930 1197 1005 1258 inira
1027 1200 1068 1278 (p.
1086 1197 1177 1277 500),
1200 1216 1305 1274 qnon-

261 1284 326 1342 inns
355 1282 495 1341 nomine
526 1301 593 1341 nnn
616 1282 768 1355 memini,
801 1284 890 1362 quod
913 1284 947 1342 in
969 1285 1079 1342 solum
1102 1282 1304 1342 mibiveoc·

260 1367 324 1439 rit,
346 1371 500 1447 ponom.“
534 1366 681 1426 Ciceronis
702 1367 767 1438 loci,
789 1387 807 1426 n
829 1368 969 1427 lllercerio
991 1367 1157 1449 significati,
1180 1366 1303 1424 bisunt:
1363 1417 1364 1428 ,

260 1452 352 1532 Epist.
379 1452 415 1510 nd
436 1450 502 1510 fom.
517 1451 567 1510 lX.
585 1460 639 1512 26:
663 1451 826 1524 „Convivia
857 1453 996 1514 delector:
1028 1453 1065 1512 ibi
1088 1453 1210 1532 loquor,
1233 1448 1304 1527 quod

260 1537 290 1597 in
312 1537 411 1608 solum,
432 1544 465 1594 ut
486 1536 597 1607 dieitur,
618 1545 648 1595 ct
668 1537 804 1618 gemitum
825 1537 853 1597 in
875 1537 950 1596 risus
972 1537 1108 1597 maximos
1126 1533 1303 1604 transsero;“

263 1623 299 1682 de
330 1622 395 1680 Nat.
423 1621 509 1682 Deor.
531 1623 553 1679 Ι.
572 1629 626 1682 23:
658 1622 819 1696 „Abuteris
847 1624 882 1681 ad
910 1623 1003 1682 omniu
1032 1631 1193 1683 atomorum
1216 1638 1303 1699 regno
1363 1611 1364 1666 l

262 1714 293 1766 et
312 1706 441 1777 lIcentia3
464 1705 537 1776 binc,
559 1707 744 1784 quodcunque
765 1707 794 1766 in
816 1708 905 1766 solum
927 1707 1013 1777 uenit,
1036 1714 1068 1766 ut
1087 1707 1202 1776 dicitur,
1225 1701 1303 1764 etlin-
1363 1725 1364 1754 ι

261 1791 309 1873 gis
330 1800 415 1869 etque
437 1789 563 1849 efficis.“
605 1791 645 1850 Ut
665 1791 836 1866 Mercurius,
866 1800 997 1851 senserat
1016 1793 1133 1851 Paullus
1163 1787 1305 1850 Manutius

261 1877 298 1937 ad
326 1876 386 1934 Cle.
414 1876 503 1954 Epist.
526 1876 561 1934 ud
583 1874 649 1934 fam.
668 1877 719 1934 lX.
739 1885 795 1947 26,
818 1879 970 1956 eademque
992 1876 1086 1956 opinio
1109 1885 1156 1936 est
1177 1875 1301 1934 oliorum.

261 1962 348 2032 lure,
379 1961 478 2032 credo,
506 1961 633 2038 quamvis
659 1962 814 2020 Turnebus
847 1964 965 2021 Adsero.
986 1962 1035 2022 lX.
1059 1970 1076 2022 2
1100 1962 1229 2020 scribere
1250 1976 1302 2015 non
1363 2015 1364 2026 χ

263 2045 446 2116 dubitaverit,
480 2045 554 2124 apud
575 2045 720 2104 Ascanium
742 2055 854 2107 veteres
876 2046 1028 2106 insolam
1051 2047 1198 2105 insolitum
1220 2045 1302 2102 inter·
1363 2065 1364 2090 ι

261 2131 386 2210 pretori,
409 2151 427 2188 o
448 2131 547 2208 quibus
569 2131 618 2190 vix
640 2132 773 2190 recedere
794 2132 888 2192 liceat.
932 2132 1100 2202 Quaeritur,
1124 2131 1192 2210 quid
1217 2125 1302 2208 signi-

260 2215 328 2274 ficet
352 2214 387 2273 iu
410 2215 519 2272 solum
541 2215 675 2274 venire.
717 2217 862 2274 Manutius
883 2217 902 2275 l.
925 2237 968 2275 e:
990 2218 1072 2288 „lloe
1095 2215 1301 2295 prouerbium,“

261 2300 360 2378 inquit,
392 2299 521 2371 „ltuod
550 2299 583 2358 in
613 2301 726 2359 solum
754 2302 874 2372 venit,
902 2302 961 2372 uel,
995 2302 1248 2378 Quodcumque
1268 2296 1300 2353 in

258 2386 372 2448 solum
393 2385 509 2454 veuit,
530 2385 665 2462 quidlibet
686 2384 839 2466 signifieat,
861 2394 891 2446 et
911 2386 1043 2465 quidquid
1066 2386 1207 2456 occurrit,
1228 2381 1301 2461 quid·
1363 2375 1364 2434 l

262 2470 328 2549 quid
350 2489 433 2528 cassa
455 2466 525 2527 sert:
549 2489 605 2527 noa
628 2490 679 2549 pro
701 2471 821 2542 ratione,
844 2478 893 2529 eut
914 2491 967 2550 pro
984 2472 1232 2539 rectuvoluotnte,
1254 2463 1300 2524 scd

262 2563 382 2628 temere,
415 2571 498 2624 mnu,
520 2552 675 2612 ἷιιιῑιιίῐιι.α
727 2555 787 2615 Nec
813 2557 901 2614 multo
930 2557 1014 2614 eliter
1042 2557 1201 2614 Turnebus
1221 2554 1240 2612 l.
1262 2568 1299 2608 a:

261 2641 380 2712 „Ut-
400 2660 435 2698 eo
467 2639 574 2697 demum
597 2639 678 2699 nobis
701 2660 764 2700 esse
791 2641 937 2712 videntur,
969 2661 1041 2719 quae
1072 2641 1204 2700 sensibus
1232 2655 1300 2696 corn·

261 2723 472 2805 prehendimus,
508 2724 586 2784 velut
623 2745 694 2803 quae
730 2725 774 2785 uel
807 2726 948 2806 tangimus
987 2725 1032 2785 vel
1069 2725 1225 2784 cernimus:
1263 2719 1300 2778 sio
1363 2743 1364 2784 ι

262 2829 325 2869 cura
353 2809 446 2867 omnin
476 2828 562 2887 prope
589 2807 665 2868 serent
692 2810 819 2881 solum,
851 2809 880 2868 id
912 2810 1024 2868 solum
1059 2829 1123 2869 esse
1162 2806 1299 2869 existima·
1363 2825 1364 2886 ι

261 2914 338 2964 rnun,
370 2894 444 2971 quod
474 2894 502 2950 iu
531 2913 565 2952 eo
592 2895 736 2967 videmos,
776 2903 806 2954 et
836 2895 931 2954 omaie
961 2915 1033 2974 quse
1060 2901 1127 2953 sunt
1157 2895 1186 2954 in
1214 2907 1299 2950 rerum

262 2986 379 3049 natura,
417 2997 451 3036 eo
478 2977 612 3038 sustineri
644 2988 782 3059 putemus.
831 2979 956 3038 Proinde
988 2979 1081 3057 quod
1108 2979 1142 3038 in
1173 2978 1297 3043 solum,

261 3064 353 3134 valet,
391 3062 522 3140 quidquid
551 3074 612 3135 est,
652 3064 785 3142 quidquid
812 3065 930 3136 oceidit,
960 3065 1092 3142 quidquid
1118 3084 1185 3122 sese
1212 3059 1298 3128 ollert,
1363 3107 1364 3136 ,

263 3147 396 3226 quidquid
429 3148 559 3207 euenit.“
603 3150 684 3214 (tuoe
712 3169 773 3208 cum
801 3147 912 3208 Afranii
933 3149 1003 3208 locis
1025 3169 1122 3228 purum
1144 3143 1298 3208 consentire
1363 3199 1364 3202 ,

262 3233 325 3312 ipse
351 3232 548 3292 animadvertit
569 3234 739 3305 Turnebus,
778 3253 860 3312 quum
888 3233 1010 3292 oNonii
1033 3233 1194 3292 testimonia
1216 3231 1297 3288 disee·
1363 3269 1364 3274 ι

264 3318 331 3376 dere
353 3318 450 3376 nollet.
493 3319 651 3390 Manutius,
684 3319 764 3378 cuius
792 3318 1008 3397 explicationem
1037 3319 1180 3397 proverbii
1208 3332 1297 3374 recen·

263 3403 366 3474 tiores,
399 3401 473 3480 quod
505 3403 606 3474 sciam,
643 3424 739 3462 omues
766 3404 888 3482 amplexi
921 3411 1002 3476 sunt,
1036 3403 1156 3482 priorem
1193 3393 1295 3461 Afranii

263 3488 353 3546 locum
376 3488 593 3566 interpretatur:
616 3489 726 3560 „Quod
745 3495 851 3547 temere
880 3508 936 3546 nnn
959 3488 1069 3546 eccidut
1091 3489 1195 3546 bomini
1217 3498 1295 3544 coeco
1363 3475 1364 3512 ³

264 3593 298 3634 uc
319 3571 481 3642 dementi3“
504 3573 635 3632 alterum:
660 3575 728 3644 „Ne
750 3582 855 3634 temere
877 3574 1042 3632 succederet
1063 3573 1109 3652 id,
1134 3572 1208 3650 quod
1229 3581 1295 3626 nunc
1363 3591 1364 3596 ι

264 3658 392 3738 agitur.“
435 3656 503 3715 lllibi
534 3678 588 3716 nec
613 3659 683 3717 baec
711 3678 802 3737 neque
836 3659 964 3728 omnino,
996 3677 1069 3736 quoe
1094 3651 1296 3718 rotmannum

263 3744 308 3804 vel
338 3742 493 3802 Turnebus
525 3744 717 3820 protulerunt,
750 3743 820 3802 sutis
848 3749 915 3822 apta
936 3743 1077 3803 videntur.
1121 3743 1217 3802 Ortum
1238 3751 1294 3795 esse
1363 3771 1364 3776 ι

264 3829 386 3886 arbitror
408 3827 584 3905 proverbium
607 3827 690 3900 inde,
719 3828 842 3906 quadiu
866 3827 958 3887 auimo
981 3828 1188 3908 cogitationes,
1219 3828 1249 3882 at
1267 3817 1293 3875 in
1363 3839 1364 3906 }

264 3913 337 3984 solo,
359 3914 387 3970 id
410 3920 463 3983 est,
485 3911 513 3971 in
537 3921 631 3972 terrae
653 3911 815 3992 superficie,
848 3914 960 3992 plantae
983 3919 1163 3972 erroscuntur.
1205 3911 1293 3982 ltaque

264 3998 297 4056 in
321 3999 433 4057 solum
457 3993 553 4076 (qnasi
573 4019 613 4058 sc.
636 3995 894 4080 cogitationis)
917 3997 1050 4058 venire
1072 3998 1144 4056 idem
1167 3996 1292 4056 serecsse

264 4089 348 4160 puto,
381 4083 456 4162 quod
483 4084 517 4142 in
548 4091 700 4143 mentem
721 4083 860 4156 venire3
893 4091 923 4142 et
942 4083 1046 4144 venit
1066 4083 1146 4140 mihi
1168 4067 1292 4156 aliquid

264 4167 301 4224 in
321 4169 433 4226 solum
464 4167 636 4249 interpretor
667 4169 769 4232 venit
799 4167 881 4226 mibi
903 4166 1066 4228 alieuius
1086 4167 1138 4227 rei
1160 4166 1194 4226 in
1214 4175 1291 4222 men·
1363 4171 1364 4176 ’
