2772 4968
1094 358 1172 444 {aa

182 532 334 612 Rectirie
359 547 540 612 mecastor
565 531 710 632 picoiae
737 547 834 629 tuae,
859 538 1047 626 Postume,

180 641 336 712 Lectum
362 639 472 713 hddic
498 651 649 714 stratum
674 633 765 729 vidi,
792 650 958 734 scraptae
983 633 1138 713 mliiieri.

127 743 283 803 Pioniae
313 743 376 803 fieri
402 743 496 825 potuit
525 750 559 802 nt
586 744 749 804 dicerentur
777 745 908 803 mulieres
929 743 1063 826 garrulae
1085 746 1173 804 etad
1240 792 1251 814 .

127 828 337 910 obiurgandum
365 849 532 908 propensae.
576 829 692 890 ovium
720 830 755 889 de
781 828 859 888 Pieri
886 828 1014 900 filiatum,
1043 828 1071 887 in
1094 829 1172 910 picae
1242 835 1253 859 ¹

127 914 284 985 conversio,
306 914 422 973 Metam.
439 914 473 972 V.
486 921 549 975 677
563 934 623 992 σιμ

194 999 296 1070 „Nunc
316 1018 428 1078 quoque
449 999 478 1058 in
500 999 613 1059 niitibur
635 995 767 1059 facundia
787 998 882 1078 prisca
902 997 1045 1069 remansit,

194 1083 350 1162 Raucaque
371 1083 535 1165 garrulitas,
558 1083 735 1162 studiumque
756 1083 874 1143 immane
896 1083 1061 1162 loquendi.“

126 1169 227 1246 ltaque
261 1169 357 1228 eadem
390 1168 491 1226 molier
524 1166 702 1250 significetur
733 1167 835 1250 fragm.
851 1168 943 1240 vm.;
976 1187 1068 1247 neque
1100 1168 1172 1229 hanc

126 1252 268 1314 diversam
294 1251 384 1313 snare
409 1260 479 1332 puto
501 1253 537 1312 eir
559 1273 608 1324 ca,
637 1271 710 1332 quae
738 1260 971 1312 commemoratur
991 1251 1121 1334 fragium.
1136 1253 1171 1313 ΙΙ.

124 1337 180 1396 xl.
209 1371 252 1382 --
284 1337 330 1397 nd
360 1337 556 1416 explicandum
589 1337 693 1396 Titinii
724 1338 816 1397 locum
847 1337 918 1397 facit
948 1337 1031 1398 etiam
1061 1337 1184 1398 Noniae·

125 1441 155 1500 p.
183 1429 244 1484 169
273 1423 318 1485 ed.
356 1423 460 1494 Mero,
492 1421 539 1500 qui
570 1423 698 1481 honsione
734 1422 846 1482 videtur
877 1443 914 1481 cx
947 1421 1039 1482 Gciiio
1064 1423 1113 1481 ΙΙΙ.
1136 1431 1170 1484 3:

125 1507 345 1585 „Scroptae,
378 1507 590 1587 ecrupcdar,
623 1507 870 1568 strictiveiiae
897 1506 1078 1588 exprobratio
1101 1506 1170 1570 ‘uitii

125 1599 177 1649 aut
220 1591 407 1651 deformitatir
448 1592 634 1651 meretricum.
681 1592 801 1651 Piautue
843 1591 872 1651 in
906 1592 1088 1653 Neruolaria:
1127 1625 1170 1638 -
1218 1638 1223 1647 .

125 1679 318 1756 scraptae,
346 1677 565 1756 scrupedoc,
595 1675 856 1748 strictivciiee,
885 1677 1093 1736 sordidae.“
1121 1675 1170 1736 Vi·

127 1761 214 1819 detur
233 1768 326 1820 nutem
348 1768 520 1840 scraptae
542 1767 716 1820 contractum
739 1781 802 1826 ease
824 1782 861 1821 ex
883 1768 1077 1840 ncrcaptoe
1104 1761 1169 1838 nini,

124 1846 286 1925 ubicunque
318 1846 374 1906 hoc
411 1846 576 1906 vocabulum
609 1852 720 1918 exstat,
754 1848 906 1906 seeundum
934 1847 1021 1904 iiadr.
1053 1846 1168 1906 iunium
1237 1846 1242 1859 '

125 1931 164 1990 od
185 1931 273 1990 Nonii
300 1931 319 1990 Ι.
344 1951 369 1990 c.
391 1930 594 1990 restituendum
622 1930 661 1990 rit
681 1937 874 2011 ncreaptac
894 1931 955 2001 vel,
978 1931 1053 2010 quod
1074 1937 1167 1990 tamen

123 2015 231 2076 Titinii
253 2024 284 2075 et
303 2015 399 2076 Plauti
412 2011 490 2074 'locis
512 2015 602 2073 minus
624 2021 719 2094 aptum
741 2023 794 2088 eet,
816 2015 1009 2075 screatioe.
1053 2015 1170 2076 Turne·

123 2101 179 2160 bne
207 2101 329 2160 caeteris
356 2099 454 2159 formio
476 2098 602 2180 praefert
622 2099 802 2160 aeraciee.
846 2101 904 2159 Sed
924 2100 999 2161 nidd.
1023 2100 1168 2173 Varronis,

124 2185 225 2257 Gciiii,
262 2185 357 2258 Festi,
392 2184 478 2245 Nonii
511 2185 695 2264 interpreter,
728 2191 757 2244 et
783 2185 902 2245 Vannius
927 2185 957 2244 in
987 2185 1109 2264 Etymoi
1140 2206 1168 2247 r.

123 2271 291 2351 Senepta.

617 2387 670 2447 xl.

210 2508 355 2568 Charisius
372 2507 395 2566 i.
424 2528 453 2586 p.
468 2513 509 2568 99
530 2525 576 2586 op.
597 2482 730 2567 Punica:
761 2504 913 2578 „airam
934 2497 970 2566 τὸ
998 2502 1076 2566 niem
1103 2503 1168 2590 (ai-

123 2590 209 2675 νειν).
229 2626 274 2640 -
300 2592 429 2652 Titiniae
450 2591 480 2650 in
501 2591 634 2651 Praeiin:

767 2716 818 2726 -
842 2673 940 2745 Date
965 2666 1021 2746 illi
1044 2677 1166 2749 biber:

174 2768 361 2850 Irricunda
386 2778 478 2848 haec
504 2783 600 2848 est.“
624 2817 676 2828 --

122 2880 258 2940 Bnrtirinr
277 2880 399 2940 Aduena.
415 2879 494 2939 iv.
479 2897 545 2950 o·,
547 2876 707 2950 ,Sciendum
729 2877 803 2956 quod
825 2877 865 2936 ilii
887 2872 991 2955 (Gali)
1012 2877 1165 2940 infinitivor

123 2966 152 3023 iu
176 2966 203 3023 R
225 2981 378 3024 maronam
400 2964 564 3035 terminant,
587 2963 690 3022 omissa
711 2981 782 3042 quoe
802 2962 877 3042 apud
895 2961 1017 3024 Latinos
1038 2965 1166 3043 requitur

121 3050 226 3122 vocali,
242 3067 293 3108 eon
307 3048 525 3111 uetustissimam
541 3006 665 3107 ciusdem
680 3047 797 3128 lingum
811 3047 1039 3107 cousuetudinem
1055 3050 1165 3128 ecqni.“
1254 3049 1262 3063 ⁹

123 3135 200 3194 idem
229 3134 311 3195 vaiet
336 3134 371 3194 de
402 3131 545 3213 iiinpnnir.
587 3132 744 3192 Verieimile
770 3139 863 3192 temen
891 3138 951 3205 ent,
978 3152 1035 3191 non
1058 3153 1095 3193 cx
1117 3133 1165 3194 iiia

1 3219 2 3232 ¹
124 3219 240 3299 antiqua
267 3225 298 3278 et
323 3217 414 3277 miuus
441 3219 548 3278 unitata
576 3216 669 3276 dormo
694 3217 792 3276 horum
820 3176 983 3296 populoniae
1011 3217 1175 3281 intinitiroe

124 3311 205 3364 ortos
227 3323 301 3373 esee,
323 3303 373 3362 red
395 3321 434 3364 ex
454 3302 581 3384 vulgari,
604 3302 709 3380 ommno
730 3308 872 3381 poeuema
892 3301 1002 3376 iittera3
1035 3305 1166 3382 quomod·

123 3389 236 3448 modum
262 3387 326 3446 itoii
352 3386 498 3459 hodierni,
531 3387 597 3446 iicet
626 3386 780 3467 pleniorem
807 3385 925 3446 formam
950 3387 1073 3466 amplexi
1096 3388 1164 3464 rint,

123 3473 303 3552 mepiermme
318 3473 444 3533 vocalem
459 3429 534 3531 iiiiam
550 3473 713 3532 extrudunt.
741 3471 786 3530 De
807 3470 936 3531 similiter
951 3471 1131 3532 decurtatio
1122 3492 1164 3532 rn-

122 3557 239 3620 finitivi·
260 3557 338 3638 apud
349 3558 477 3618 Graecos
492 3557 548 3619 vid.
571 3557 599 3616 J.
622 3558 657 3616 G.
679 3555 840 3616 Hurohkioe
863 3556 953 3616 dec.
975 3556 1069 3616 Annio
1089 3558 1164 3616 Cim·

1 3647 2 3656 ’
122 3643 292 3721 inuadit.
334 3641 594 3720 Vomiueiitymoi.
618 3663 645 3704 v
643 3628 768 3700 Bibo·
790 3641 981 3713 „Abinna
1003 3641 1163 3716 extritob,

123 3734 168 3788 ort
188 3726 341 3818 Belgicam
357 3727 450 3800 bier,
473 3726 502 3787 id
523 3733 577 3797 ert,
599 3726 789 3788 cerrieio.“

143 4037 145 4046 ’
199 4013 374 4073 ‘Afferuntur
393 4011 474 4072 haim
495 4011 609 4074 subolae
629 4012 766 4092 reliquiae
787 4030 824 4071 ox
845 3967 977 4082 Prilio,
999 4009 1162 4085 Proelia,

121 4098 288 4170 Proelia,
309 4098 476 4169 Proelia,
497 4098 627 4158 artua
668 4098 719 4158 aa
740 4097 823 4158 etiam
845 4097 918 4178 opud
938 4095 1060 4156 Nonium
1081 4116 1163 4177 repe-

121 4183 209 4245 rimur
226 4183 259 4242 in
281 4184 345 4245 edd
365 4183 437 4262 Ver.
459 4188 489 4243 ot
509 4183 577 4278 Par.
599 4189 629 4244 ot
650 4184 736 4245 murel
757 4183 786 4244 in
808 4181 873 4243 ΑΜ.
889 4179 1054 4257 Procli03
1075 4183 1162 4244 nemci
