2824 4966
1052 365 1109 442 tta

93 548 153 620 atie
169 547 248 619 ioca
271 546 434 638 saepius,
468 565 576 638 quam
601 550 712 636 caput
734 542 973 635 reipublicae,
1004 565 1109 636 prae·

91 651 221 722 tentatis
253 671 421 724 scaenam
453 649 623 722 uidentur
659 645 966 736 suppeditavisse,
1007 653 1048 716 ut
1072 646 1111 718 in

90 751 149 838 inc
170 775 208 822 re
232 751 297 824 vix
322 750 506 823 differrent
528 747 717 820 Romanae
742 748 890 818 fabulae
917 767 940 818 a
965 755 1109 840 tragoe-

91 853 148 924 diis
172 849 332 940 Graecis,
357 853 489 944 qmuos
513 851 663 942 perinde
695 848 777 920 aliis
803 849 876 920 alia
900 848 984 920 loca
1009 871 1117 922 scae·

91 977 160 1024 uam
182 956 433 1045 praebuerunt.
485 951 754 1024 Trabeatnrum
779 961 916 1038 cauma,
941 950 1111 1043 quoniam

91 1057 228 1146 equites,
254 1065 295 1128 nt
317 1056 380 1147 qui
405 1055 476 1131 soii
501 1076 646 1139 eorum,
674 1053 736 1144 qui
761 1054 887 1124 trabea
913 1060 1111 1142 uterentur,

90 1158 205 1228 inillis
228 1157 492 1247 repraesentati
517 1177 599 1228 esse
624 1154 828 1241 videantur,
853 1153 948 1224 hauc
972 1162 1113 1226 vestem

90 1258 272 1350 inpompis
298 1265 436 1332 tantum
462 1258 694 1348 usurpabant,
720 1277 889 1328 scaenam
914 1255 1032 1348 ipsam
1052 1278 1111 1328 ur·

90 1361 320 1446 neminisse,
361 1359 440 1430 veri
473 1365 529 1432 est
553 1359 680 1430 simile.
734 1358 846 1437 Quod
871 1358 920 1429 ad
945 1358 1112 1430 taberun-

90 1460 206 1538 riarum
229 1483 404 1534 scaenam
430 1461 567 1546 attinet,
593 1481 716 1530 errare
740 1481 814 1530 uon
828 1459 1043 1546 videbimur,
1066 1459 1111 1550 si,

90 1575 122 1632 ut
142 1565 408 1640 comoediarum
440 1557 666 1637 Graecarum
698 1581 867 1634 scaenam
892 1561 971 1632 fere
996 1561 1112 1634 Athe·

91 1683 147 1734 uac
177 1666 400 1754 praebebant
414 1662 500 1758 ¹⁹⁸),
540 1663 647 1736 itiam
684 1663 893 1754 plerumque
934 1665 981 1734 ab
1020 1665 1112 1735 urbe

90 1765 217 1854 petitam
241 1787 327 1838 esac
350 1764 653 1840 asseverabimus.
687 1763 812 1841 Quum
834 1783 923 1834 vero
945 1771 1018 1836 tam
1038 1766 1112 1838 latu

91 1868 225 1956 patuerit
254 1874 426 1959 togarum
457 1887 566 1953 usus,
605 1867 783 1936 interdum
823 1866 970 1957 quidem
1003 1867 1113 1940 etiam

94 1967 217 2040 aliunde
250 1991 334 2042 eam
366 1976 545 2058 sumptam
578 1989 678 2051 esse,
717 1967 815 2039 haud
841 1968 920 2038 iure
945 1989 1112 2060 negares,

93 2070 147 2137 etsi
180 2093 250 2141 non
291 2077 478 2141 exstarent
508 2069 730 2160 fragmenta,
776 2069 873 2138 istud
911 2070 1111 2159 probantia.

92 2165 249 2244 servatus
275 2181 334 2242 est
359 2193 408 2244 ex
433 2169 562 2244 Titinii
585 2167 716 2242 Setina
738 2169 798 2242 hic
823 2191 973 2246 versane

132 2271 302 2358 ‚mcceue
323 2273 563 2365 adscensum
584 2271 774 2342 audacter:
799 2271 906 2364 virgo
932 2272 1032 2345 nulla
1057 2279 1114 2346 est

681 2370 754 2444 tali'
776 2371 940 2447 sericae

93 2470 181 2543 [iude
203 2475 319 2567 liquet
326 2523 338 2560 ,
378 2473 529 2549 fabulae
562 2494 731 2544 scaenam
756 2497 829 2544 nou
854 2473 1021 2562 Romam,
1047 2477 1115 2550 sed

93 2570 213 2646 Setiam
245 2575 377 2648 fuisse.
426 2571 626 2647 Praeterea
658 2575 827 2646 laudatur
851 2575 963 2650 Attae
988 2577 1114 2654 fabula
1251 2568 1256 2579 “

92 2671 230 2770 Aquae
256 2676 439 2764 caldae,
461 2675 523 2770 qui
537 2675 660 2750 titulus
675 2676 809 2750 indicat
825 2677 1007 2772 oppidum,
1030 2700 1113 2772 qno,

92 2781 123 2844 ut
141 2777 359 2864 iuvarentur,
385 2775 550 2853 homines
575 2778 809 2853 convenirent
829 2779 915 2876 ¹⁹⁹);
942 2779 1115 2878 adquam

93 2896 155 2948 ren
178 2879 403 2972 probandam
427 2879 565 2952 faciunt
591 2881 698 2952 etiam
725 2883 857 2968 verba,
882 2881 966 2953 inde
992 2883 1114 2974 allata,

93 2996 170 3070 quac
193 2981 293 3054 haud
318 2981 426 3052 dubie
451 2981 672 3056 balneatoris
696 2990 796 3056 sunt:
831 2981 981 3078 „Atque
1006 2983 1115 3062 etiam

92 3081 306 3173 medeantur·
330 3081 450 3154 hodie.
483 3081 607 3177 Atque
633 3106 702 3176 ego
729 3083 916 3158 occlusero
939 3085 1116 3162 fontem.“

92 3175 203 3276 Neque
229 3191 288 3259 est
311 3183 533 3272 incredibile,
560 3186 605 3256 ab
627 3183 771 3278 Aquis
798 3185 947 3260 caldis
968 3187 1115 3282 oppido,

93 3279 123 3348 in
145 3281 319 3377 Hispania
344 3284 614 3357 Tarraconensi
639 3288 686 3357 ad
705 3285 861 3362 Minium
879 3287 1014 3364 dumea
1033 3289 1115 3378 aiio,

93 3387 220 3478 togatae
245 3387 355 3458 huius
381 3387 521 3458 titulum
546 3411 629 3459 esse
653 3391 816 3480 petitam.

26 3565 32 3653 i
164 3585 237 3672 198)
266 3588 359 3648 Plani.
379 3587 553 3649 Menaechn.
573 3590 688 3653 ercan
709 3607 787 3671 sqq.r

228 3716 247 3746 „
256 3674 348 3752 Atque
367 3674 422 3733 hoc
442 3681 544 3754 poetae
564 3673 673 3736 indunt
693 3674 723 3735 in
744 3675 914 3738 conceditur

228 3759 326 3820 ouri·
348 3778 394 3820 rer
415 3767 515 3840 gestus
536 3779 600 3822 aare
620 3761 739 3825 namn
760 3768 915 3834 manent,

229 3845 296 3908 Quo
318 3845 457 3904 Graccum
478 3844 559 3905 uobis
579 3843 647 3904 iilud
668 3846 797 3908 videatur
819 3847 925 3929 magisq

229 3929 295 4008 Ego
317 3947 452 4006 nusquam
474 3928 578 4002 dicam,
610 3929 665 3990 nisi
686 3932 734 3991 ubi
754 3930 859 3992 factum
881 3931 991 3992 dicitnr.

230 4012 323 4090 Atque
343 4013 416 4074 adeo
436 4014 490 4074 hoc
511 4022 706 4096 argumentum
728 4017 911 4090 Greaeinetq
940 4021 1034 4080 tantan

230 4095 295 4158 Non
315 4096 478 4171 acacinm,
505 4119 601 4162 verum
622 4100 843 4162 stemmatum

24 4151 26 4234 ἔ
97 4173 872 4269 rmoevmcanuunnmspcgc.
