2824 4966
1081 375 1138 454 55

91 537 187 641 pldh
220 569 299 634 res,
340 567 435 641 quae
458 547 667 619 necessario
693 548 858 640 longiore
882 551 1056 641 temporis
1082 551 1135 624 in·

91 647 249 720 tervullo
274 671 342 718 uec
367 650 445 720 sine
471 649 737 740 intercapedine
761 651 881 722 tactae
903 663 983 725 esse
1005 659 1134 744 putan-

91 755 162 822 dae
188 759 291 837 sunt,
324 759 614 842 repraesentatas
640 749 828 822 videmusi
854 751 930 823 Sed
956 755 1026 826 etsi
1050 779 1135 826 con·

90 853 268 938 cedimus,
287 853 558 944 tragoediarum
577 861 790 944 argumenta
809 862 1014 944 propterea,
1036 858 1135 949 quod

90 955 245 1024 historia
257 953 416 1044 mythico
431 955 494 1024 illa
508 955 772 1044 suppeditabat,
787 954 1006 1045 simpliciora
1018 957 1135 1028 fnisse

88 1055 307 1148 faciliusque
333 1058 382 1126 ud
407 1057 626 1126 servandum
650 1063 791 1145 tempus
817 1057 1024 1128 continuam
1049 1067 1135 1149 apta

88 1157 197 1228 reddi
228 1157 390 1248 potuisse
416 1163 452 1227 et
476 1158 686 1248 plerumque
711 1157 853 1229 reddita
879 1181 980 1246 esse,
1012 1167 1134 1232 tamen

88 1260 256 1354 potuisse
298 1259 407 1328 etiam
445 1279 506 1328 res
538 1258 748 1344 historicas,
789 1259 898 1330 modo
930 1260 968 1329 id
999 1261 1136 1332 vellent

88 1367 243 1453 poetae,
268 1359 321 1429 ita
345 1361 511 1446 tractari,
551 1368 591 1430 ut
617 1360 789 1451 temporis
813 1361 1035 1452 perpetuitas
1059 1384 1134 1433 nou

90 1463 350 1553 negligeretur,
375 1483 450 1532 non
476 1463 593 1532 miuus
620 1467 676 1532 est
701 1461 982 1534 concedendum.
1024 1459 1134 1534 Certo

90 1557 181 1634 mlb'i
212 1585 287 1632 non
319 1565 448 1655 liquet,
480 1563 603 1654 quidni
629 1560 859 1654 Carthaginis
885 1564 945 1634 vel
970 1561 1135 1636 Corinthi
1243 1575 1258 1587 '

91 1664 317 1756 oppugnatio
339 1665 451 1736 simili
478 1663 681 1735 rationein
706 1685 839 1734 scaena
869 1667 1136 1757 repraesentari

89 1766 263 1859 potuerit,
290 1788 333 1836 nc
354 1765 565 1836 Thebarum
590 1765 828 1857 antiquarum.
866 1765 926 1854 lit,
953 1775 993 1838 nt
1012 1789 1135 1843 exem·

89 1869 193 1959 plum
219 1865 387 1952 afferam,
413 1890 532 1938 nonne
557 1868 595 1936 in
619 1864 746 1940 Persis
760 1866 936 1958 Aeschyli
961 1871 1134 1962 temporis

90 1969 315 2061 perpetuitas
348 1970 464 2060 magis
497 1968 605 2039 etiam
630 1976 816 2054 servatur,
849 1990 956 2060 quam
982 1969 1019 2038 in
1046 1993 1134 2040 uon·

90 2071 202 2144 nullis
229 2069 450 2161 tragoediisl
481 2067 602 2140 Etiam
627 2070 665 2138 iu
688 2070 832 2155 fabula,
873 2071 919 2139 de
944 2069 1053 2141 Balbi
1079 2071 1135 2139 iti·

89 2193 182 2242 nere
214 2173 262 2243 ad
288 2171 481 2242 Lentulum
513 2171 731 2262 composita,
771 2171 1005 2260 probabiliter
1045 2170 1136 2242 nihil

90 2273 193 2344 alind
226 2279 347 2342 actum
371 2273 548 2360 est,-nisi
571 2271 736 2363 negotia,
769 2293 863 2363 quae
887 2272 1027 2344 Balbus
1053 2293 1136 2344 cum

89 2374 253 2446 Lentulo
280 2373 424 2463 babuit3
457 2396 592 2466 eaque,
626 2381 666 2444 ut
690 2373 853 2460 videtur,
894 2375 1030 2464 opflmc'
1059 2395 1133 2445 nno

91 2487 220 2546 tenore
246 2497 291 2545 aa
315 2477 393 2547 sine
420 2476 591 2566 temporis
611 2474 875 2546 intermissione
895 2476 1051 2546 describi
1071 2497 1135 2566 po·

90 2585 250 2648 tuerum.
302 2576 431 2670 ltaque
463 2599 529 2669 per
560 2599 602 2647 ae
627 2577 772 2670 quidem
796 2576 942 2647 minime
967 2577 1134 2668 intelligi·

92 2688 171 2764 tur,
204 2699 314 2770 quum
341 2687 610 2770 praetextatum
635 2685 850 2769 argumenta
875 2685 998 2748 essent
1021 2676 1149 2748 histo-¹
1193 2737 1196 2748 ,

91 2783 181 2866 rica,
208 2783 383 2870 temporis
406 2780 682 2872 perpetuitatem
703 2779 740 2846 in
757 2779 800 2848 iis
816 2779 1019 2871 neglectam
1034 2799 1134 2868 esse3

55 2919 57 2926 ·
92 2902 314 2978 quamquam
335 2883 443 2953 facilc
469 2881 555 2952 mibi
576 2880 790 2971 persuadeo,
815 2903 889 2951 uon
914 2901 1135 2972 magnopere

91 2991 222 3076 poetas
248 2983 346 3054 illum
372 2991 562 3054 curaturos
586 2983 712 3053 fuisse.

196 3081 278 3154 Nec
303 3086 418 3177 magis
433 3085 553 3175 placet
575 3085 691 3152 altera
717 3082 878 3152 eiusdem
904 3080 975 3152 viri
996 3081 1131 3172 opinio,

91 3207 203 3282 quam
230 3186 311 3255 loco
330 3191 611 3256 commemorato
627 3185 777 3274 profert,
803 3206 876 3254 non
890 3204 1002 3253 unum
1015 3183 1137 3252 locum

90 3288 244 3360 fabulae
268 3294 517 3379 praetextatae
543 3307 712 3356 scaenam
736 3285 870 3373 fnisse,
896 3286 1062 3375 profecta
1087 3305 1136 3354 ex

92 3413 157 3476 eo,
193 3390 292 3480 quod
325 3413 372 3460 ex
396 3389 513 3460 Bruto
540 3386 634 3460 Attii
657 3408 786 3456 versus
810 3385 976 3456 nonnulli
1000 3383 1137 3455 servati

91 3489 273 3584 sunt¹¹⁷),
299 3491 429 3584 quibus
444 3488 665 3580 Tarquinius
685 3488 874 3579 Superbus
899 3508 980 3558 cum
1005 3483 1136 3558 somnii

91 3593 362 3664 coniectoribus
395 3592 623 3682 colloquitur,
650 3597 756 3682 atque
782 3611 830 3660 ex
856 3590 984 3658 eadem
1009 3588 1136 3658 tabula

91 3695 188 3765 haec
220 3695 334 3764 verba
366 3687 867 3786 laudatareperiuutur11⁸):
902 3687 1011 3777 „Qui
1036 3693 1136 3758 recte

93 3797 281 3883 consulat,
316 3795 443 3864 consul
476 3796 610 3864 cluat.“
663 3790 759 3864 Nam
785 3791 1025 3884 Tarquinium
1050 3786 1136 3858 Nie-

90 3898 248 3968 buhrius
275 3897 320 3966 ad
346 3897 509 3968 Ardeam
535 3895 580 3964 de
606 3895 746 3967 somnio
767 3916 834 3966 suo
851 3915 933 3964 cum
955 3891 1033 3961 eius
1053 3910 1137 3960 cou-

181 4092 259 4177 117)
288 4047 421 4175 effic.
450 4096 485 4155 tle
509 4094 604 4155 lliviu.
628 4095 723 4156 xxti.
751 4128 793 4142 --
833 4090 908 4175 118)
930 4111 977 4171 ap.
1000 4087 1081 4150 Varr.
1103 4087 1144 4148 de'

92 4180 131 4240 L.
148 4181 185 4241 b.
200 4183 233 4241 V.
250 4187 300 4242 tt.
321 4202 349 4262 p.
362 4185 402 4243 85
424 4181 470 4241 ed.
491 4179 628 4262 Spengel.

877 4275 900 4339 3
