2772 4968
1007 365 1120 444 .le

167 643 310 706 Charimns
324 645 361 706 11.
377 663 404 728 p.
421 649 481 709 185
496 666 541 727 ap.
555 543 689 706 Pladlrdcbs
717 643 857 718 „Noctu
868 643 1018 723 diuque.
1058 645 1122 706 Sal-

91 729 183 789 lustius
202 731 381 809 historimum
403 732 543 792 secundo:
576 732 694 790 Noctu
724 731 854 808 diuque
882 729 1065 790 stationes
1086 737 1123 789 et

11 823 12 830 ’
92 815 234 895 uigilias
266 823 420 876 tentare.
471 817 511 876 At
531 833 600 877 vero
622 813 750 874 Titinius
771 814 799 872 in
821 815 974 874 barathro:
1005 815 1122 879 Noctu
1238 870 1243 879 ,

11 889 13 908 '
92 899 213 978 diuque
243 899 467 961 ait.·Naevius
499 900 528 960 in
555 899 792 960 Acontizomeno:
826 897 985 979 Sulpicii
1015 906 1122 960 noctu

91 983 313 1045 interfecit.“
364 986 505 1065 Apparet,
536 1005 593 1045 uon
619 981 710 1044 fuisse
739 983 814 1066 apud
839 982 980 1043 Titinium
1007 983 1124 1044 Noctu

94 1067 224 1147 diuque.
268 1070 437 1152 Legendum
458 1069 595 1130 arbitror:

133 1151 206 1224 llir'r
231 1164 425 1249 noctuque.
449 1196 502 1208 -—

167 1406 314 1466 Charisius
335 1402 370 1466 ll.
392 1429 420 1487 p.
437 1415 498 1470 212
522 1303 721 1487 ap.{l1tsch.:
753 1402 1010 1485 „Praepositiones
1036 1403 1122 1467 inter·

90 1489 147 1550 dun
175 1492 288 1553 ultimas
319 1492 429 1552 litteras
459 1493 621 1564 immutant,
654 1499 684 1552 et
709 1491 866 1554 iunctorum
892 1491 946 1550 sibi
973 1492 1123 1552 uerborum

11 1559 13 1618 l
89 1575 183 1652 primas
204 1578 372 1648 adsumunt,
399 1584 544 1657 utapro
566 1578 623 1650 ab,
653 1584 685 1636 ut
711 1577 842 1637 avehit.
875 1609 915 1621 -
944 1576 1045 1656 Apro
1068 1578 1122 1636 ad.

91 1657 209 1720 Titinius
230 1661 260 1720 in
284 1661 439 1720 barathro:

481 1822 485 1832 ,
925 1786 974 1798 -
999 1743 1121 1832 PriuS,

133 1843 250 1924 (luam
276 1849 404 1918 aurr'rm
418 1849 582 1939 privatae
603 1849 869 1939 purpuramque
890 1847 1122 1919 atterimus.“
1204 1932 1211 1947 ι

94 1945 191 2006 iditum
212 1955 257 2008 est
286 1969 372 2010 auno
395 1958 425 2008 ct
445 1949 656 2010 obteximus.
700 1949 834 2007 Correxit
854 1948 987 2019 Rothius,
1016 1941 1122 2022 dicans,

92 2028 176 2109 inepte
205 2032 336 2112 accipere
359 2035 461 2093 bonum
483 2034 571 2095 virum
593 2032 749 2093 Charisinm
777 2033 979 2092 obteximus
1001 2053 1052 2111 pro
1074 2041 1123 2092 at-

90 2116 240 2176 teximus.
297 2118 480 2178 Scribendurn
511 2137 575 2178 essa
607 2117 821 2188 atteximus,
852 2117 923 2179 vidit
943 2117 1026 2176 etiam
1046 2118 1122 2176 iller-

91 2200 172 2260 cariua
193 2203 229 2261 ad
243 2202 320 2262 Non.
337 2224 364 2281 p.
379 2212 407 2282 ξ.
452 2203 593 2262 immerito
614 2209 706 2261 autem
729 2204 878 2262 accuratur
899 2222 918 2261 a
931 2202 1033 2260 Rothlu
1050 2203 1123 2260 Cha·

90 2283 178 2356 rlsius‚
209 2286 276 2365 qui,
307 2294 339 2346 ut
364 2288 452 2348 verba
479 2288 540 2347 aius
569 2287 735 2358 ostendunt,
766 2287 864 2364 procul
895 2286 979 2346 dubio
1010 2286 1123 2366 scripsit

91 2371 293 2444 atterimusq
317 2373 523 2453 legendumque
544 2373 616 2451 apud
630 2391 693 2431 eum
713 2371 825 2432 uidetur
844 2371 890 2430 At
910 2391 972 2450 pro
993 2371 1044 2443 ad,
1066 2391 1123 2432 nun

11 2529 12 2534 ἵ
90 2452 188 2532 Apro
209 2456 264 2516 ad.
307 2456 684 2519 Privatum-mulieri.

166 2607 247 2672 Quae
270 2605 433 2688 fragmenta
453 2608 505 2668 sub
527 2605 680 2668 Barbati
706 2603 819 2666 nomine
839 2605 1000 2685 posuimus,
1028 2625 1063 2666 aa
1084 2606 1124 2666 le·

91 2695 200 2766 guntur,
231 2699 266 2752 ut
288 2712 326 2752 ex
347 2693 417 2752 locis
439 2693 589 2773 exscriptis
610 2692 713 2771 liquet,
744 2691 845 2769 partim
873 2691 925 2749 sub
947 2692 1000 2750 hoc
1021 2691 1124 2770 partim

11 2783 12 2830 3
94 2773 137 2831 suh
156 2775 325 2838 Baratbri
347 2778 476 2849 nomine,
506 2777 586 2837 cuius
612 2778 676 2836 loco
705 2775 789 2835 etiam
809 2776 942 2835 Aratro
973 2775 1123 2836 inuenitur.

91 2855 173 2936 Atque
201 2862 344 2940 Gyraldus
371 2863 406 2922 de
432 2863 548 2922 Poittar.
575 2861 641 2922 bist.
663 2860 752 2932 Vlll.,
786 2861 858 2939 llpp.
886 2861 928 2920 T.
944 2860 979 2920 ll.
1006 2881 1034 2939 p.
1050 2865 1123 2935 424,

35 2967 40 2971 ·
93 2940 156 3002 adeo
177 2946 471 3007 etiamBarbarum
486 2947 593 3006 Titinii
616 2952 821 3007 commaneret.
852 2944 1004 3004 Plurimum
1027 2952 1125 3006 aucto·

93 3024 176 3088 ritntis
196 3032 304 3091 habent
324 3032 484 3092 Rarbato
506 3039 536 3090 at
556 3032 750 3102 Rarathr03
784 3037 817 3088 ut
836 3028 957 3104 fuerint,
980 3029 1028 3109 qui
1050 3031 1124 3090 inter

94 3109 237 3174 Barbatum
261 3117 469 3176 etBaratbrum
485 3116 631 3175 discrimen
653 3122 826 3185 statuerent,
849 3134 931 3193 quum
953 3115 1001 3174 alii
1021 3122 1125 3173 utram-

94 3213 141 3271 que
164 3197 288 3258 fabulam
315 3201 432 3261 eandem
459 3209 604 3280 putarent,
636 3201 680 3261 vel
701 3199 854 3258 Rarbatum
882 3219 943 3258 eam
964 3199 1126 3278 inscriptam

92 3276 173 3342 luisse
201 3285 412 3357 existimantes,
446 3286 491 3348 rel
512 3286 690 3346 Rarathrum.
732 3284 804 3342 Rern
826 3283 994 3346 diiudieaase
1015 3283 1127 3344 ridetur

93 3361 240 3428 llerrerins
261 3369 297 3429 ad
318 3371 391 3430 Non.
414 3380 473 3449 μθ
497 3370 573 3429 hisce
594 3369 702 3430 verbis:
730 3368 942 3440 „Titinnius
965 3368 1125 3442 barbato,

93 3445 128 3508 ita
147 3453 321 3514 scribendum
342 3455 459 3533 ubique,
481 3473 538 3529 non
559 3455 748 3524 barathro,
770 3453 845 3530 quod
859 3473 993 3532 nusquam
1007 3453 1036 3511 in
1055 3451 1127 3513 anti·

94 3534 147 3610 quis
174 3539 259 3598 Nonii
286 3545 336 3598 aut
361 3540 439 3599 Festi
466 3540 554 3600 libris.
607 3540 698 3598 Error
723 3537 758 3598 ab
787 3538 918 3618 eoquod
945 3538 1031 3598 semel
1052 3536 1127 3615 apud

95 3625 227 3694 nostrum,
250 3631 280 3682 et
301 3626 386 3684 semel
398 3625 472 3705 apud
487 3625 602 3684 Festum
621 3623 706 3682 habea
728 3622 878 3683 barrato
901 3622 945 3683 vel
961 3622 1126 3692 Varrato,

96 3705 162 3778 quod
187 3715 364 3769 mutaverant
392 3710 419 3767 in
448 3709 635 3769 barathro:
671 3706 719 3786 qui
745 3707 817 3765 idern
847 3727 929 3767 error
953 3705 1072 3776 invaluit
1098 3705 1126 3763 in

96 3787 208 3850 Charisii
229 3794 381 3852 codicibus.
410 3815 462 3854 uec
484 3801 529 3853 eat
550 3793 625 3872 quod
643 3792 713 3851 duas
731 3790 841 3851 fabulas
863 3791 1021 3861 credamus,
1044 3809 1127 3868 qnum

97 3872 235 3956 utriusque
262 3885 457 3959 argumentum
478 3879 552 3937 idem
572 3876 662 3937 luisse
684 3878 784 3956 probet
805 3877 923 3936 collatus
945 3874 1065 3934 Charisii
1085 3875 1127 3932 lo-

97 3973 155 4031 cus,
182 3962 383 4042 priusquam
412 3984 501 4022 auro
524 3963 691 4046 privatae
712 3979 973 4040 purpuramque
994 3957 1126 4018 attexi-

97 4058 171 4101 mus.
213 4048 251 4104 Et
271 4047 318 4106 ille
339 4048 413 4128 apud
434 4048 563 4119 Festum,
587 4049 661 4128 ligo
684 4045 724 4106 ab
746 4044 865 4107 soloci
886 4045 967 4104 lana
988 4042 1029 4102 ad
1050 4063 1126 4122 put-

11 4141 13 4226 p
98 4142 206 4200 puram
228 4131 319 4190 data.
362 4132 407 4192 De
428 4131 632 4214 phrygionibus
653 4137 683 4190 et
703 4130 870 4190 textricibus
890 4127 944 4188 fuit
964 4125 1094 4188 fabula.“

492 4247 720 4258 m
