2824 4966
253 355 310 434 22

231 505 457 619 ‘Varronis
483 533 694 604 comoedias
720 532 819 605 solas
837 529 973 608 Graeci
999 535 1204 630 argumenti
1224 535 1301 626 pal·

262 635 368 704 liatas
394 634 565 722 dicentis,
599 636 810 707 sententiam
836 637 1009 708 retulerit.
1062 634 1172 709 Certe
1204 637 1303 709 bunc

222 791 227 802 .
260 759 333 806 non
359 757 584 806 communem
608 737 723 807 fuisse
748 739 919 829 loquendl
945 760 1070 826 usum,
1112 761 1221 831 qnnm
1253 741 1303 809 de

164 871 169 880 ·
259 837 385 908 fabula
403 845 531 929 togata
551 838 846 928 exposuerimus,
871 841 989 931 magis
1003 848 1174 932 patescet.
1208 837 1302 912 Cae·

260 948 378 1008 terum
389 939 596 1009 fabularum
609 941 855 1031 palliatarum,
881 943 953 1012 nisi
979 940 1183 1012 aVarrcne
1204 942 1304 1035 apud

259 1037 495 1129 Diomedem,
537 1045 582 1112 ab
610 1044 710 1113 nullo
743 1066 878 1114 aureae
907 1044 1035 1113 aetatis
1062 1043 1237 1134 scriptore
1261 1043 1304 1114 fit

259 1139 413 1230 mentio,
435 1163 543 1236 quum
563 1151 710 1235 togatae
730 1145 942 1236 saepissime
962 1152 1302 1217 commemorentur.

259 1243 365 1316 Unde
396 1243 525 1338 liquet,
561 1247 769 1316 comoedias
801 1246 968 1336 palliatas
1000 1243 1186 1317 Romanos
1221 1248 1303 1319 fere

259 1343 468 1436 simpliciter
494 1346 555 1416 vel
579 1349 724 1439 proprie
750 1348 958 1418 comoedias
985 1349 1238 1438 appellavisse.

359 1445 482 1517 Latini
507 1451 708 1540 argumenti
733 1451 881 1521 fabulae
913 1458 1216 1521 commemoratae
1243 1471 1302 1521 re·

257 1547 445 1636 pariuntur
485 1552 583 1641 apud
614 1553 808 1642 scriptores
844 1559 1049 1644 togatae,
1093 1557 1301 1642 praetex-

257 1662 331 1717 tao
363 1650 442 1719 sive
475 1659 818 1740 praetextatae,
858 1655 1119 1738 trabeatos,
1153 1656 1300 1724 taber·

257 1750 437 1836 neriae,
470 1752 739 1841 Atellanae,
779 1754 1073 1844 planipediae
1106 1755 1186 1824 sive
1211 1755 1300 1844 pla·

259 1851 530 1941 nipedarlae
570 1853 649 1924 sive
682 1856 975 1946 planipedes,
1016 1875 1110 1948 qnae
1141 1857 1300 1926 fortasse
1406 1897 1407 1930 ι

164 1975 168 1986 ·
258 1951 365 2022 etiam
387 1955 637 2025 riciniatae
659 1958 861 2048 appellatae
883 1954 1034 2048 sanim).
1072 1955 1300 2049 Togatarum

256 2075 388 2124 nomen
410 2057 544 2147 duplici
565 2059 845 2150 significatione,
872 2059 1080 2151 angustiore
1103 2066 1139 2128 et
1158 2059 1299 2146 latiore,

255 2159 509 2248 usurpabatur.
549 2159 773 2252 Angustiore
790 2160 1063 2253 significatione,
1090 2180 1183 2252 qnae
1204 2161 1299 2251 prio·

254 2257 354 2328 ribus
374 2261 594 2350 temporibus
614 2264 695 2333 solu
718 2263 873 2350 exstitit,
900 2270 1025 2354 togata
1049 2283 1123 2335 non
1150 2270 1227 2334 erat
1247 2263 1298 2332 di·

255 2379 364 2429 versa
397 2381 420 2430 a
453 2364 676 2452 tabernaris3
715 2365 845 2434 latiore
887 2385 932 2434 ea
973 2363 1300 2457 comprehendebat

253 2469 533 2548 praetextatam,
571 2466 789 2552 trabeatum,
824 2466 1067 2536 tabernariam
1092 2467 1171 2536 sive
1196 2474 1298 2557 toga-

255 2566 329 2630 tam
355 2565 499 2655 proprie
526 2566 669 2636 dictam.
723 2565 846 2644 Quam
871 2566 1104 2652 sententiam,
1131 2588 1239 2661 quum
1253 2567 1299 2636 de

256 2661 408 2836 singulis
440 2667 635 2759 generibus
673 2667 968 2757 disseruerimus,
1009 2676 1137 2760 postea
1170 2667 1299 2740 confir·

254 2785 314 2834 ma
340 2787 443 2838 nnus.

663 2885 892 2898 -ι-ι-ι-η

762 2969 795 3042 1.

356 3084 533 3159 Fabula
558 3095 733 3179 togata,
760 3109 783 3157 a
805 3094 909 3180 toga,
936 3109 1030 3182 quae
1051 3088 1199 3181 propria
1220 3096 1299 3160 erat
1407 3147 1408 3180 ,

255 3180 504 3259 Romanorum
529 3192 659 3276 vestis,
703 3197 744 3260 ut
771 3189 920 3278 pallium
947 3189 1192 3276 Graecorum,
1232 3213 1298 3260 no·
1407 3225 1408 3264 ι

255 3287 409 3378 minata,
442 3292 577 3382 scripta
602 3300 681 3362 erat
705 3293 904 3362 secundnm
929 3315 1049 3386 mores
1075 3301 1112 3362 et
1136 3292 1299 3364 habitum
1407 3349 1408 3364 .

255 3383 573 3490 Romanorumffl).
625 3391 705 3464 Neo
736 3416 825 3463 vero
858 3395 895 3464 in
921 3397 1010 3464 urbe
1036 3400 1194 3481 tantum,
1231 3395 1299 3466 sed
1407 3419 1408 3444 ι

341 3573 395 3657 80)
424 3577 507 3638 Vidd.
535 3579 677 3640 Renvens.
706 3576 862 3637 Collectan.
889 3578 945 3637 litt.
973 3595 1001 3654 p.
1017 3581 1056 3638 52
1079 3595 1156 3657 sqq.;
1190 3578 1299 3638 Osann.

255 3657 382 3720 Analeot.
405 3661 468 3721 crit.
490 3682 517 3740 p.
530 3671 571 3724 76
593 3683 653 3742 sqq.
680 3695 723 3706 -
752 3659 807 3743 81)
835 3662 917 3723 Vidd.
940 3661 1096 3720 Euanthius
1119 3661 1154 3722 de
1174 3661 1298 3736 Fnbnla3

255 3741 385 3804 Donatus
408 3746 443 3805 de
460 3748 627 3821 Comoedia3
656 3746 807 3806 Diomedes
829 3746 877 3806 lll.
900 3769 927 3826 p.
942 3752 1002 3808 486
1025 3767 1070 3826 ap.
1083 3747 1217 3821 Putscb.;
1249 3747 1298 3807 lo.

255 3825 354 3906 Lydus
372 3831 407 3890 dc
421 3832 597 3914 Magistratt.
614 3831 684 3910 reip.
704 3833 785 3890 Rom.
807 3833 830 3890 l.
844 3833 899 3893 40⁸:
927 3824 1119 3905 „Helluira
1139 3829 1196 3909 μέν
1217 3829 1300 3892 ἔστιν

255 3904 274 3990 ἦ
297 3906 476 3998 Ἑλληνικὴν
501 3909 651 3977 ὑπόθεσιν
673 3912 785 3994 ἔχουσα
805 3913 965 3998 κωμῳδία,
995 3910 1110 3996 soptim
1132 3914 1166 3977 δὲ
1185 3908 1205 3996 ἦ
1221 3908 1300 3976 ‘Pm-

252 3993 370 4077 μαϊκὴν
397 3997 571 4081 ἀρχαίαν,·“
599 4003 626 4061 in
656 4002 756 4080 quibus
783 3995 949 4082 ἀρχαίαν
974 4001 1153 4062 referendum
1186 4001 1300 4063 videtur

257 4082 293 4140 od
314 4085 502 4166 antiquiorum
521 4087 711 4148 Romanorum
731 4105 824 4146 mores
846 4092 876 4146 et
895 4085 1036 4147 restitum.
1074 4085 1229 4148 infeliciter
1247 4106 1299 4149 rc-

243 4167 385 4230 1αιιΙιιιΙιιιιι
408 4172 611 4253 interpretabar
633 4171 813 4236 Reurensins
833 4171 989 4234 collectan.
1010 4172 1065 4233 litt.
1086 4194 1114 4252 p.
1126 4178 1177 4234 ts.
