2774 4972
294 405 376 482 nto

296 599 361 639 num
384 579 419 637 de
440 577 532 637 Pallio
553 600 581 657 p.
596 571 656 639 386
679 595 758 655 sequ.
779 575 980 654 Philosophiae
1000 574 1092 656 igitur
1109 574 1156 632 illc
1175 571 1314 634 valedicens

296 665 333 724 ad
355 683 465 724 amores
487 683 588 741 resque
610 662 732 722 ludicros
753 661 875 721 studium
897 681 929 720 se
950 679 1030 720 auum
1053 661 1243 718 translaturum
1262 678 1314 716 crae

297 747 510 830 significaverit.
544 749 668 826 sl'ereut.
696 749 783 805 Andr.
800 755 856 807 28:
880 751 963 804 -.“
998 746 1038 803 At
1067 744 1254 804 deminutivum
1272 763 1316 821 pc·

296 834 386 892 tiolo
408 841 505 892 monet
525 836 620 912 potius
642 833 677 891 de
701 853 790 912 puero
812 833 856 892 vel
879 831 981 910 puella.

794 967 841 1028 Ν.
877 971 879 978 ’

380 1084 490 1144 Nonius
511 1106 538 1165 p.
553 1091 615 1146 216
636 1084 682 1144 ed.
703 1031 987 1157 hiecc.:·„0atrea
1007 1083 1123 1164 generis
1144 1080 1268 1140 seminini.
1283 1113 1315 1123 -

254 1193 256 1202 ’
298 1167 433 1228 Afranius
453 1169 481 1228 in
503 1171 646 1248 Excepto:

349 1253 530 1342 conchas,
557 1255 717 1342 echione,
745 1260 886 1324 ostreas
912 1255 1109 1324 ιιιειτίιιῑιεές

299 1379 443 1432 ostreas
469 1372 636 1432 marinae.
663 1373 730 1434 lun.
758 1381 901 1432 ostreas
931 1370 1124 1435 Lucrinas.
1151 1370 1216 1431 dun.
1241 1388 1316 1448 marg.

299 1464 457 1518 ostream
478 1457 675 1516 Lucrinam.
712 1458 808 1516 Facile
830 1456 959 1536 decipere
981 1457 1071 1538 possit
1091 1456 1170 1516 lunii
1191 1461 1318 1516 ostreas

298 1541 488 1612 Lucrinas,
523 1541 653 1620 quoniam
673 1543 789 1602 ostreae
809 1541 953 1602 Lucrinae
974 1542 1002 1601 in
1025 1541 1134 1602 deliciis
1155 1540 1317 1599 habebantur.

299 1627 417 1686 Videtur
437 1634 530 1685 autem
552 1627 706 1688 morines
727 1646 784 1685 non
807 1633 914 1686 tuntum
936 1626 972 1686 ad
994 1633 1160 1696 ostreas,
1181 1622 1318 1683 sedetiam

298 1711 335 1770 ad
356 1711 532 1781 conchas,
554 1711 701 1772 echinos
722 1711 874 1792 pertimere.
896 1745 938 1756 -·
959 1712 992 1771 la
1014 1712 1084 1772 Ven.
1102 1711 1125 1772 l.
1143 1711 1179 1772 ll.
1199 1709 1261 1770 Par.
1280 1707 1318 1767 de·

298 1796 438 1856 siderotur
459 1796 547 1854 looua.
862 1805 876 1846 t

799 1931 833 1988 V.

385 2047 494 2106 Nonius
517 2069 542 2126 p.
557 2055 617 2108 232
640 2047 685 2106 ed.
706 2049 809 2109 hiero:
836 2013 1071 2122 „Advorsum
1084 2079 1129 2094 ·-·
1155 2047 1228 2128 apud
1245 2041 1318 2128 signi·

298 2130 374 2190 ficut.
396 2165 437 2176 -
459 2131 593 2191 Afranius
614 2132 642 2190 in
664 2134 808 2213 Excepto:

350 2213 409 2286 lle
430 2209 507 2286 vila
529 2241 572 2287 ac
592 2227 708 2288 morte
731 2219 866 2290 domini
884 2217 1103 2288 fabuliverit

350 2317 560 2389 Advorsum
579 2321 729 2390 fratrem
750 2312 849 2390 illius
875 2343 918 2389 ac
944 2312 1129 2390 dominium
1155 2313 1299 2389 suumi“

301 2432 534 2499 inhalaverit.
569 2437 666 2510 Libri,
687 2447 776 2497 metro
799 2439 977 2509 adversante,
998 2437 1223 2499 fohuiovcre.
1250 2431 1318 2492 Both.

300 2518 526 2592 fabuluhere,
557 2523 632 2600 quod
663 2524 805 2582 sententia
832 2544 888 2582 non
920 2522 986 2584 fert.
1025 2525 1110 2584 Certe
1141 2525 1196 2582 hoc
1220 2523 1317 2596 recepto

301 2605 382 2666 etiam
404 2626 500 2666 auum
521 2608 681 2668 mutandum
703 2615 780 2668 esset
801 2609 829 2668 in
852 2615 955 2668 tuum.

794 2743 841 2802 vl.

384 2855 493 2914 Nonius
523 2865 627 2936 p.238
656 2860 700 2919 ed.
730 2862 835 2921 hiero:
870 2861 1088 2941 „Appellare
1115 2866 1161 2919 eat
1187 2856 1317 2938 applicare.

299 2937 432 3000 Afranius
453 2940 482 2998 in
504 2943 647 3022 Excepto:
673 2961 681 2978 ‘
1231 2978 1234 2984 ·

1099 3069 1150 3082 -·
1176 3017 1250 3100 Abi
1272 3029 1316 3092 tu:

350 3114 548 3214 Appellant
579 3127 651 3199 huo
677 3122 724 3201 nid
750 3131 882 3202 molem
907 3131 1068 3202 nostram
1092 3121 1318 3202 naviculam.“

300 3240 365 3299 Ant
400 3250 444 3302 tu.
480 3245 550 3303 Ven.
569 3246 591 3305 1.
609 3247 644 3306 ll.
671 3248 738 3308 Par.
771 3250 834 3308 Ald.
867 3251 935 3309 lios.
963 3250 1059 3330 Steph.
1093 3250 1234 3309 [iahilu.
1263 3243 1316 3301 Jun·

301 3325 417 3387 Adita.
439 3363 481 3372 -
502 3330 654 3410 Perpetem
675 3334 839 3394 Maroehus:
861 3335 1082 3414 „Appellare
1103 3342 1148 3394 eat
1164 3329 1316 3412 appltcme.“

169 3477 175 3486 ,
301 3411 469 3472 mercerius:
499 3415 679 3486 „Cohfirndit
699 3421 885 3498 appellare
906 3428 936 3480 et
956 3421 1149 3498 appellere.
1171 3438 1234 3478 nom
1253 3416 1317 3474 corle

302 3497 487 3577 a‘ppellore
508 3499 640 3579 scriptum
661 3502 729 3577 fuit,
757 3512 789 3563 ut
809 3505 837 3562 in
858 3505 936 3564 lihris
950 3505 1067 3575 inveni,
1094 3505 1251 3582 deeeptuaq.
1270 3496 1316 3555 No
1338 3561 1341 3576 ,

300 3580 365 3642 niun
386 3579 540 3644 inflexione
561 3587 638 3646 verbi
659 3587 688 3646 in
711 3590 820 3648 duobus
841 3590 975 3667 exemplis
997 3609 1068 3667 quae
1080 3588 1173 3650 odlhrt
1191 3579 1315 3666 (exalto

301 3665 348 3726 aio
369 3674 399 3728 at
420 3666 554 3750 Lucilio),
577 3691 649 3749 quac
670 3680 737 3731 aunt
757 3674 927 3735 coniunctivi
947 3675 1030 3734 modi.
1037 3679 1056 3710 “

782 3809 843 3868 Vll.

383 3915 492 3978 Nouius
520 3941 548 3999 p.
567 3929 629 3984 316
657 3924 701 3983 ed.
731 3927 833 3987 hiero:
866 3927 1066 4000 ‚,Grnasari
1101 3923 1184 3986 etium
1214 3920 1314 3982 ocinus

300 3998 450 4061 amhltlore.
472 4035 513 4048 -
534 4004 668 4077 Afranius
689 4009 717 4066 iu
742 4012 884 4090 Excepto:

349 4081 537 4162 Consimili
561 4098 771 4183 massonum
797 4099 868 4184 via,
895 4097 1025 4189 quibus
1050 4095 1109 4166 hic
1134 4100 1189 4165 eat
1213 4085 1313 4162 omnis

898 4189 1062 4268 criltus.“
