2774 4972
1055 371 1136 450 169

98 551 155 614 to:
180 543 209 615 J
217 549 375 615 entare
399 543 526 616 nullo
550 545 729 617 invitat.
779 543 884 618 Idem
901 541 1134 618 incrimine:

97 645 223 716 Haec
248 646 404 717 ieiuna
429 648 636 719 ientavit.
669 645 855 720 Plautus“
882 654 950 719 etc.
996 647 1134 725 Quam·

97 769 207 840 quam
239 748 309 819 iste
340 771 413 818 non
445 771 587 842 semper
618 749 688 820 bac
724 749 763 819 iu
793 770 836 819 re
876 749 946 820 sibi
981 757 1134 822 constat.

99 847 221 926 itm
239 849 463 942 negligentes
483 851 628 921 omnino
649 850 786 922 librarii
806 850 942 921 fuerint
961 850 998 920 iu
1021 851 1134 922 nomi·

95 951 203 1021 nibus
231 951 448 1040 scribendis,
488 953 629 1044 quoties
657 952 818 1044 integrae
849 951 968 1022 linetm
990 952 1133 1023 excide·

96 1051 185 1138 rint,
219 1063 259 1122 ut
287 1053 349 1122 alii
377 1053 471 1124 alius
497 1055 611 1124 verba
639 1055 899 1139 tribuerentur,
937 1074 1063 1138 nemo,
1097 1054 1134 1123 iu

97 1155 342 1244 grammaticis
365 1152 526 1243 Latinis,
552 1155 763 1246 praesertim
783 1153 923 1242 Nouio,
956 1161 1134 1242 versatus,

95 1255 222 1325 nescit.
254 1255 396 1346 Aperte
417 1263 538 1328 autem
560 1263 657 1327 errat
671 1255 932 1328 Eberhardtius
953 1255 990 1324 in
1011 1256 1133 1326 libello

95 1357 142 1426 de
165 1357 296 1426 artium
317 1356 549 1430 humanitatis
570 1365 666 1430 statu
687 1381 745 1449 ap.
759 1356 885 1445 Rom,
910 1377 1016 1448 quern
1035 1355 1133 1428 Kor-

95 1457 219 1528 desins
241 1454 458 1530 Germanice
484 1461 737 1551 interpretatus
766 1467 838 1546 est,
871 1480 906 1549 p.
922 1457 990 1544 54,
1024 1479 1134 1550 quam

93 1557 151 1643 id,
180 1561 278 1651 quod
299 1561 345 1630 ad
366 1557 411 1631 L.
429 1559 670 1652 Pomponium
685 1561 953 1632 Bononiensem
968 1560 1132 1650 pertinet,

95 1660 141 1730 de
170 1659 217 1730 L.
237 1661 394 1732 Afranio
414 1665 570 1753 profert,
611 1684 694 1734 eum
714 1662 907 1734 Atellanas
929 1662 1133 1732 correxisse

4 1827 6 1852 ᾖ
95 1769 132 1831 et
172 1763 221 1832 ad
262 1763 349 1834 artis
383 1765 531 1856 regulas
564 1764 772 1836 instituisse.
840 1760 967 1855 Neque.
999 1758 1133 1834 Graeci

4 1859 6 1868 ’
96 1865 302 1955 argumenti
347 1867 554 1937 comoedias
603 1867 682 1936 sire
723 1865 897 1956 palliatas
938 1863 1133 1934 Afranium

95 1964 286 2056 scripsisse
314 1967 509 2038 verisimile
537 1974 610 2056 est;
647 1967 743 2038 licet
758 1965 902 2037 Thais
930 1965 1008 2035 eius
1037 1987 1132 2034 eom·

94 2075 316 2137 memoretur
342 2075 378 2137 et
398 2066 670 2154 Pantaleus,
704 2069 816 2153 unde,
843 2087 951 2160 quum
974 2063 1044 2136 hoc
1068 2089 1131 2136 no·

13 2184 26 2215 ⁶
95 2187 180 2236 uren
213 2167 413 2240 inauditum
449 2171 516 2259 sit,
559 2171 629 2240 viri
657 2170 754 2239 docti
779 2170 945 2240 feceruut
970 2163 1132 2238 Panta-

93 2267 212 2338 leon.
266 2269 401 2357 Thais,
433 2272 602 2364 quoniam
630 2269 772 2342 Romae
799 2291 942 2362 quoque
970 2268 1132 2340 meretri·

96 2390 158 2438 ces
180 2367 348 2443 Graecae
372 2381 492 2461 erant,
519 2375 627 2445 etiam
651 2380 797 2465 togatae
821 2372 944 2442 titulus
966 2391 1046 2440 esse
1069 2392 1131 2461 po·

95 2470 173 2540 tuit
232 2469 434 2544 Pantaleon
463 2482 584 2546 autem
611 2475 736 2546 fabula
765 2471 920 2545 Afranio
956 2471 1133 2550 vindicari

95 2573 221 2664 nequit
239 2575 300 2644 vel
314 2575 417 2664 ideo,
443 2577 541 2669 quod
560 2576 630 2648 boc
648 2599 781 2648 nomen
800 2575 982 2666 palliatam
1001 2574 1131 2664 arguit,

4 2689 6 2712 ¹
95 2694 214 2768 neque
238 2677 384 2748 aliunde
405 2685 565 2766 constat,
590 2679 691 2750 illum
711 2675 888 2750 eiusmodi
906 2673 1051 2746 fabulas
1065 2670 1129 2744 d'o·

4 2785 5 2802 *
97 2776 226 2848 ruisse.
277 2776 392 2848 Plura
423 2781 469 2850 de
502 2781 607 2851 titulo
640 2780 702 2849 illo
734 2802 802 2850 suo
835 2777 917 2848 loco
956 2775 1130 2848 dicentur.
1220 2851 1228 2872 ο

97 2874 154 2946 Ac
186 2878 259 2949 iam
293 2881 412 2952 nullas
435 2882 570 2952 fecisse
593 2883 738 2953 tabulas
762 2879 956 2952 Afranium
987 2883 1133 2970 praeter

98 2983 239 3070 togatas
264 2983 489 3054 tabernarias
515 2983 697 3056 affirmare
720 3006 795 3055 nou
820 2981 1035 3053 dubitamus.

194 3145 242 3218 In
266 3149 324 3222 his
349 3159 470 3224 autem
502 3152 699 3226 scribendis
733 3153 891 3224 maxime
917 3147 1133 3222 excelluisse

96 3254 256 3338 poetam,
297 3262 459 3343 veteres,
501 3256 561 3348 qui
594 3256 672 3326 eius
703 3255 869 3326 fecerunt
903 3251 1132 3335 mentionem,

96 3356 271 3424 testantur
295 3377 368 3426 nuo
396 3379 460 3429 ore
487 3379 623 3428 omues.
682 3356 720 3428 A
744 3353 796 3425 Μ.
813 3353 937 3425 Tullio
959 3375 1040 3422 eum
1063 3350 1135 3421 diei

96 3447 275 3524 hominem
302 3457 337 3526 in
363 3459 497 3532 fabulis
518 3460 709 3543 disertum,
736 3479 759 3526 a
776 3453 919 3528 Velleio
937 3451 1133 3524 Paterculo

96 3555 231 3626 clarum
258 3557 458 3652 ingenium,
484 3560 647 3654 usquein
665 3553 890 3631 Graecorum
907 3555 1135 3646 ingeniorum

4 3671 6 3688 ¹
95 3662 400 3748 comparationem
427 3669 610 3748 evectum,
637 3662 832 3754 dulcesque
856 3657 980 3729 Latini
1001 3653 1136 3746 leporis

4 3817 6 3848 ,
95 3759 246 3830 facetias
272 3763 306 3832 ei
331 3765 458 3850 tribui,
486 3787 509 3834 a
535 3761 713 3834 Diomede
739 3761 971 3856 grammatico
997 3756 1135 3848 praeci·

94 3882 164 3951 pue
201 3885 284 3934 eum
325 3887 405 3934 curu
439 3865 610 3942 Quinctio
650 3871 794 3966 togatas
834 3861 1059 3932 tabernarias
1098 3857 1136 3926 iu

94 3984 263 4035 scaenam
296 3967 502 4038 ductarisse
535 3965 648 4055 tradi,
689 3976 773 4036 aute
804 3957 971 4034 vidimus‘.
1023 3957 1136 4049 Apud

4 4123 20 4151 ,,
45 4061 56 4094 '
95 4061 288 4138 Horatium
312 4068 461 4143 Afranii
485 4076 572 4162 toga
597 4068 824 4148 convenisse,
838 4066 968 4136 dicitur
983 4059 1133 4134 Meuan-

96 4167 170 4238 dro·
225 4167 333 4245 Quae
353 4171 497 4270 quidem
516 4169 711 4258 sententia,
745 4173 917 4264 qnantum
943 4189 991 4238 cx
1012 4161 1135 4234 verbis
