2774 4972
273 955 417 1014 Abducta:

634 516 953 580 annuunt.

783 671 806 730 l.

359 783 468 844 Noniae
489 805 516 864 p.
537 788 597 846 257
619 783 663 844 ed.
684 783 788 846 blera:
817 786 960 857 „Callet
985 785 1128 869 significat
1156 787 1223 862 scit,
1253 788 1301 846 boc

276 875 337 940 est,
370 869 537 941 calliditate,
576 888 647 948 quae
675 879 720 930 est
749 871 856 930 urbana
889 871 1018 932 scientia.
1047 905 1090 918 -··
1120 873 1249 932 Afranius
1275 874 1299 931 in

324 1029 456 1110 Nescis
470 1035 639 1109 Numeri:
666 1041 739 1110 mci
762 1041 903 1110 omnem
923 1041 1053 1110 melius
1074 1033 1205 1112 calle'nt
1220 1064 1299 1129 rem,

877 1163 984 1234 quam
1009 1144 1134 1212 volo.“
1158 1184 1210 1196 -

272 1240 413 1300 Numeri
438 1241 525 1300 llere.
557 1241 586 1300 in
614 1247 722 1301 anantt.
750 1241 878 1302 Botbiun.
910 1243 979 1302 l'eu.
996 1244 1019 1302 l.
1035 1243 1071 1302 ll.
1092 1243 1161 1304 Par.
1183 1245 1300 1304 lllerc.a

272 1326 354 1384 codd.
381 1325 526 1384 numeri.
564 1326 629 1385 Ald.
655 1326 722 1384 Bne.
751 1328 847 1406 stepo.
875 1347 964 1398 num,
996 1328 1089 1387 lleri.
1117 1329 1185 1388 dun.
1218 1349 1298 1400 nam,

271 1410 375 1468 omisca
403 1409 486 1468 etiam
513 1410 588 1470 mei.
611 1443 654 1456 -
676 1410 814 1470 callent
834 1432 914 1470 rem.
942 1413 1012 1471 Ven.
1031 1413 1053 1472 Ι.
1072 1413 1107 1472 ll.
1130 1414 1299 1473 collerem.

269 1494 336 1553 Par.
359 1494 502 1554 callere.
525 1527 568 1540 —
589 1494 729 1554 Numerus
750 1495 861 1555 videtur
882 1496 1087 1576 anapaesticus.
1116 1497 1299 1579 calaguris

269 1578 371 1659 fragm.
388 1579 435 1638 tv.
457 1587 487 1638 et
507 1579 575 1640 ldae
595 1577 699 1662 fragm.
722 1579 856 1652 Botbiaa,
877 1587 911 1640 ut
931 1601 1029 1642 verane
1050 1583 1140 1641 troeb.
1164 1588 1227 1642 tetr.
1249 1591 1298 1641 cat.

269 1665 434 1735 exsisteret,
465 1663 641 1724 scribendum
667 1665 792 1744 putavit:
824 1666 876 1738 N„
903 1666 957 1726 Nm
984 1685 1056 1726 ren
1081 1668 1148 1726 mei
1177 1687 1298 1726 omnen

268 1749 394 1808 melina
415 1749 572 1822 callent,
593 1769 622 1829 q.
643 1771 670 1813 ι.

762 1885 798 1946 ΙΙ.

351 2000 462 2062 Nonius
498 2023 526 2082 p·-
549 2008 612 2066 374
640 2004 684 2064 ed.
711 2005 817 2082 blera:
850 2002 1039 2078 ‚‚Paritcr,
1071 2021 1110 2064 ax
1141 2023 1241 2085 aequo.
1260 2035 1296 2051 -

264 2085 399 2147 Afranius
420 2087 448 2146 in
468 2087 613 2148 Abducta:

314 2187 584 2279 Ilispartinntnr
607 2190 719 2281 patris
745 2191 842 2262 bona
866 2189 1040 2283 pariter.“

262 2305 372 2365 Veml.
390 2306 427 2365 ll.
452 2305 536 2380 Par.²
564 2305 675 2365 omissio
702 2308 796 2368 verbio
823 2305 1000 2368 Afranius
1027 2307 1061 2366 in
1090 2308 1252 2370 Abducta
1271 2313 1296 2368 et

131 2383 132 2388 ἵ
262 2390 418 2472 pariter:
456 2389 730 2470 dispertiantur
761 2393 852 2452 bona
879 2392 1006 2472 patria.
1027 2423 1071 2437 -
1102 2394 1196 2458 Quale
1216 2393 1296 2453 fuerd

260 2483 389 2547 areuna,
411 2493 467 2532 non
489 2475 585 2554 liquet.
618 2476 766 2542 Quadrant
785 2478 874 2538 verba
893 2477 922 2536 in
945 2475 1096 2548 Creticam,
1119 2479 1294 2558 ia'llaccbia·

261 2579 334 2632 cnm,
355 2559 384 2618 in
405 2558 560 2620 iambicum.
586 2561 705 2620 Bntbine
726 2581 836 2624 varanna
858 2562 899 2621 ita
919 2561 1032 2622 restitui
1052 2581 1140 2642 ponae
1161 2570 1255 2644 putet:

303 2644 584 2724 [dispartiuntur
604 2645 778 2724 pariliter
798 2647 918 2727 patria
939 2647 1041 2710 bona.
1105 2671 1106 2676 ¹

259 2732 318 2792 Sed
339 2729 447 2790 Nonius
469 2730 577 2809 quidem
599 2730 737 2810 pariter
756 2732 837 2814 legit.

751 2882 801 2944 ΙΙΙ.

341 3001 445 3060 Festus
465 3019 494 3060 v.
517 3001 666 3072 Sentcn,
688 3001 803 3082 Fragm.
824 3023 853 3082 p.
868 3009 908 3066 68
927 3003 971 3062 ed.
993 3002 1114 3062 Decea:
1137 2997 1289 3075 „Septen

256 3106 339 3168 quun
362 3092 473 3145 constet
494 3105 558 3144 asae
578 3085 675 3164 apinae
697 3094 727 3145 et
745 3083 881 3146 Afraniae
902 3087 931 3148 io
953 3088 1081 3148 Abducta
1102 3087 1223 3148 dixerit:

307 3188 429 3266 Quum
454 3185 636 3256 senticosa
659 3189 774 3258 verba
798 3197 1008 3282 pertorquet
1032 3190 1151 3277 turba,

254 3326 306 3386 pro
319 3304 440 3385 spinosis
450 3304 539 3384 accipi
551 3305 663 3364 debet.“
684 3305 856 3364 Vocabulum
870 3306 981 3378 turba,
995 3308 1069 3385 quod
1078 3307 1194 3367 aenaria
1205 3305 1288 3367 refra-

253 3399 354 3473 gatur,
370 3390 529 3450 mutandum
542 3390 698 3448 duxerunt=
720 3389 801 3451 llnlv.
814 3390 948 3463 Ursinus,
962 3391 1101 3470 probante
1110 3391 1247 3464 Docerio,
1263 3391 1287 3449 ia

252 3477 349 3556 lupa3
382 3474 546 3536 Gulielmius
566 3473 715 3534 Verisimil.
738 3475 801 3535 109
828 3475 858 3534 in
880 3482 977 3548 trna3
1005 3475 1125 3536 Bntbins
1146 3477 1176 3536 in
1200 3477 1286 3545 tuba,

252 3561 479 3640 quemadmodum
496 3558 611 3636 Ampius
633 3559 717 3618 tuba
738 3559 827 3620 belli
848 3559 970 3622 civilia
990 3561 1070 3620 audit
1082 3558 1287 3642 Cic.Epiat.ad

251 3647 318 3704 tam.
330 3645 379 3705 Vl.
395 3652 445 3717 12,
465 3643 511 3704 vel
532 3644 630 3715 tubat,
652 3644 748 3704 sonitu
769 3644 829 3706 sive
847 3645 981 3724 strepitu,
1004 3645 1079 3706 nicnt
1099 3646 1186 3708 tuba
1209 3644 1286 3706 nim·

134 3721 137 3728 ’
250 3729 372 3790 borum
400 3729 506 3810 legitur
533 3747 579 3806 ap.
611 3728 794 3788 Claudianum
825 3730 988 3810 Gigantom.
1009 3738 1059 3792 60.
1102 3727 1285 3791 virviam

250 3815 317 3873 milri
342 3814 508 3875 vocabulum
537 3813 606 3873 illud
637 3833 674 3872 ex
702 3814 902 3892 depravatione
928 3812 1056 3874 linxisse.
1102 3813 1214 3888 l'ersnnf
1233 3820 1281 3881 est,

250 3898 341 3978 qualis
362 3899 485 3980 legitur,
514 3897 597 3957 lamb.
620 3897 694 3958 trirn.
716 3898 847 3971 claudns3
878 3905 908 3958 et
928 3899 1109 3978 reperiuntur
1129 3899 1157 3958 in
1179 3895 1285 3958 Afranii

249 3983 375 4062 reliqniis
401 3983 485 4043 etiam
518 3983 573 4042 duo
595 3981 643 4042 alii
663 3982 820 4042 huiusmodi
840 4003 951 4058 versun,
974 4002 1054 4061 quon,
1076 3991 1109 4043 at
1130 3984 1211 4055 laune,
1232 3983 1284 4040 llo·

249 4069 324 4128 thius
345 4067 474 4130 tentavit.
496 4065 578 4127 l'idd.
600 4067 727 4128 lncandii
748 4066 852 4150 fragm.
874 4069 897 4126 l.
921 4076 951 4126 et
972 4068 1080 4128 liminis
1095 4069 1131 4127 ll.
1155 4071 1283 4127 Statuea·

250 4154 314 4216 dunr
340 4152 477 4226 arbitror,
508 4159 558 4212 ant
585 4172 651 4213 vara
682 4150 828 4214 Afranium
855 4153 995 4214 interdum
1025 4153 1153 4216 versibus
1180 4152 1281 4230 Hippa-
