2824 4966
1112 315 1168 394 25

122 505 341 579 quaeunque
372 484 563 578 imperium
593 483 800 559 Romanum
831 489 964 582 patuit,
1003 487 1169 568 Quirites

121 597 253 681 togam
274 589 480 678 gestabant.
529 585 652 660 Etiam
676 589 720 678 ii,
747 591 808 684 qui
823 587 1000 664 Romanis
1020 593 1168 664 uteban-

122 697 186 760 tur
210 689 371 781 legibus,
405 697 446 760 ut
470 690 508 760 in
532 691 788 782 praefecturis,
813 693 987 780 coloniis,
1018 694 1167 766 muniei·

121 793 217 882 piis,
250 791 344 860 bano
370 798 510 862 vestem
536 795 770 884 usurpabant.
820 791 1020 866 Praeterea
1039 803 1167 888 gentes

120 893 359 986 peregrinae,
399 893 615 986 simulatque
641 897 686 969 ab
712 893 887 968 Romanis
913 897 1078 968 devictae
1110 920 1188 1006 es·

121 1003 227 1080 sent,
272 995 381 1064 etiam
427 1001 550 1088 togam
592 997 761 1068 videntur
799 1006 945 1091 gestare
991 999 1166 1090 coepisse.

121 1095 223 1166 Hine
244 1092 368 1167 Gallia
393 1103 530 1190 togata.
581 1096 628 1168 In
652 1099 780 1171 militia
800 1097 974 1186 Romani,
1006 1101 1077 1172 nisi
1104 1123 1166 1171 an-

121 1198 334 1290 tiquissimis
356 1198 597 1289 temporibus,
631 1208 718 1293 toga
749 1223 820 1272 non
847 1205 1050 1274 utebantur.
1102 1201 1166 1274 Li·

119 1301 209 1370 vius
234 1300 376 1390 quidem
401 1299 493 1372 loeis
518 1303 733 1393 quibusdam
758 1311 897 1390 narrat,
931 1305 976 1374 ab
1003 1305 1093 1374 urbe
1118 1305 1167 1376 ad

121 1402 327 1472 exereitum
353 1411 459 1494 togas
484 1405 615 1474 missas
641 1427 742 1494 esse,
781 1427 849 1476 nee
874 1411 1010 1492 tamen,
1046 1413 1088 1476 ut
1111 1407 1164 1475 vi·

121 1503 248 1591 detur,
288 1503 455 1574 omuibus
480 1505 671 1592 militibus,
705 1507 771 1578 sed
796 1507 1062 1578 honestioribus
1088 1514 1164 1578 tan·

121 1611 219 1691 tum,
260 1613 300 1674 ut
332 1605 510 1696 equitibus
544 1615 581 1676 et
613 1608 893 1679 centurionibus.
957 1607 1085 1701 Neque
1126 1607 1165 1680 id

119 1708 260 1778 foetum
298 1707 459 1794 videtur,
498 1708 568 1778 nisi
608 1731 716 1830 quum
751 1711 886 1782 bellum
915 1710 1060 1804 longius
1101 1729 1164 1780 ex·

121 1809 360 2008 speetaqgljum
383 1817 498 1898 esset,
530 1811 579 1910 lut
603 1811 711 1883 illis'
699 1835 738 1882 m
762 1819 963 1884 aestrorum
987 1813 1061 1885 otio
1087 1819 1164 1886 ute·

120 1918 249 1980 rentur

613 2077 765 2152 Π..

224 2197 401 2267 Fabula
438 2204 736 2290 praetextata
776 2197 872 2268 diota
912 2204 968 2268 est
1007 2218 1031 2266 a
1077 2203 1164 2288 toga

120 2306 323 2392 praetexta.
385 2297 467 2369 Hae
506 2305 610 2369 veste
648 2298 905 2393 antiquissimis
943 2299 1163 2391 temporibus

120 2423 229 2492 reges
253 2401 458 2473 utebantur.
508 2397 628 2472 Porro
655 2423 735 2470 eam
761 2404 951 2494 gestabant
974 2401 1079 2494 pueri
1110 2401 1162 2470 in·

44 2499 49 2514 ’
123 2504 235 2596 genui
261 2510 297 2572 et
321 2502 483 2594 puellae;
509 2503 757 2594 magistratus,
784 2525 857 2571 uon
874 2503 992 2573 solum
1009 2501 1161 2589 Romae,

121 2605 189 2674 sed
215 2605 324 2698 etiam
350 2603 574 2674 coloniarum
607 2613 643 2675 et
667 2605 959 2695 municipiorum,
999 2603 1163 2672 vicorum

122 2713 161 2776 et
191 2705 427 2798 collegiorum
458 2706 640 2799 magistri3
679 2709 905 2792 sacerdotes,
939 2726 1090 2797 quorum
1125 2704 1162 2772 in

120 2829 273 2878 numero
299 2808 447 2878 luerunt
473 2805 708 2905 augures⁸³J;
745 2831 850 2880 saera
877 2807 1054 2879 iacientes
1087 2827 1162 2876 om·

208 3022 263 3104 82)
290 3025 372 3086 Vidtl.
395 3025 507 3084 omnino
529 3026 657 3086 Lasams
678 3025 793 3106 Bayfius
815 3027 849 3086 de
871 3025 915 3085 lie
935 3032 1007 3087 vest.
1029 3025 1080 3084 IX.
1103 3044 1162 3104 sq.;

123 3111 212 3170 Aldus
232 3111 377 3171 Manutius
399 3111 434 3170 de
456 3111 545 3192 Toga
566 3113 648 3170 Rom.
676 3112 727 3170 sub
754 3110 818 3184 fiu.;
852 3111 986 3171 Octavius
1013 3109 1162 3170 Ferrarius

123 3196 162 3254 sle
182 3194 224 3254 lie
245 3203 317 3256 vest.
340 3197 362 3254 Ι.
386 3203 441 3268 ³23
475 3195 589 3256 Samuel
609 3195 732 3255 Pitiseus
752 3197 826 3255 Lex.
848 3195 990 3275 antiquitt.
1012 3196 1094 3254 Rom.
1116 3213 1162 3254 vv.

1 3328 2 3334 1
122 3281 229 3361 Toga
250 3285 281 3340 et
301 3280 454 3362 Togsti.
477 3312 517 3326 -
541 3278 596 3360 83)
618 3281 750 3362 Augures
772 3289 868 3362 togam
882 3287 1059 3359 praetextam
1080 3298 1162 3338 usur·

120 3385 206 3444 passe
232 3373 321 3446 negat
342 3365 476 3424 albertus
498 3365 643 3425 Rubenius
669 3367 705 3424 ds
726 3367 770 3425 lle
796 3373 867 3426 vest.
890 3365 925 3424 ll.
949 3372 1004 3435 14,
1044 3364 1162 3424 amietos

121 3469 173 3509 eos
194 3448 283 3510 iusisse
303 3450 400 3509 dicens
422 3450 521 3508 trabea
541 3470 579 3508 ex
599 3469 724 3530 purpura
751 3457 781 3510 et
801 3469 903 3521 eoeoo,
935 3450 1009 3529 quod
1031 3447 1161 3510 Suetonii

1 3517 2 3594 Ῐ
119 3536 186 3594 loeo
215 3535 289 3614 apud
310 3535 438 3596 Servium
462 3536 499 3593 ad
520 3535 600 3616 Virg.
622 3536 693 3596 Aen.
715 3535 776 3594 vn.
798 3543 858 3596 611
882 3533 1037 3595 confirmat.
1090 3533 1160 3592 Fer·

1 4079 3 4210 l

120 3619 213 3678 rarius
235 3627 334 3680 eontra
351 3620 480 3679 Anuleet,
502 3619 537 3679 de
558 3639 590 3680 re
610 3628 683 3681 vest.
703 3620 810 3691 XLV„
836 3619 899 3680 aliis
921 3617 1089 3680 testimoniis
1110 3616 1159 3675 ‹le-

119 3711 296 3779 mosstrass,
329 3712 427 3786 togam
458 3712 633 3784 praetextam
660 3706 697 3764 ob
730 3704 884 3786 auguribus
911 3711 1052 3786 gestatam
1085 3719 1159 3774 esse,

121 3789 215 3850 Servii
235 3788 318 3849 fidem
344 3798 503 3870 suspectam
524 3790 617 3850 babet.
667 3790 874 3862 Festinantias,
905 3791 1000 3850 oredo.
1043 3786 1161 3846 Trabea

120 3873 235 3934 ansuino
264 3875 362 3936 (liebus
393 3874 573 3934 sollemnibus
600 3875 729 3956 usurpari
760 3876 871 3936 solebat
905 3873 978 3955 (vid.
1006 3870 1160 3949 Dionysius

119 3959 212 4018 lislio.
230 3960 380 4040 antiquitt
393 3962 475 4020 lion.
487 3961 523 4019 ll.
539 3958 622 4042 70.;)
648 3969 819 4042 quopropter
840 3973 964 4042 augures
985 3975 1095 4037 quoque
1117 3962 1160 4015 to-

120 4043 193 4104 libus
214 4044 313 4106 diebus
334 4065 397 4106 eam
415 4053 553 4146 gestasse
562 4046 656 4125 pnhri
677 4053 809 4126 possunt,
831 4053 861 4106 et
880 4045 944 4106 aliis
965 4051 1063 4124 togam
1078 4059 1159 4122 prse-

119 4135 238 4190 tentan.
281 4128 326 4192 Gi.
348 4128 425 4192 inira
442 4131 494 4192 lll
515 4131 576 4192 init.
