2824 4966
771 519 883 592 VIII.
908 555 913 562 ·

409 651 470 728 lle
496 653 677 726 actoribus
703 663 908 747 togatarum
929 653 1150 728 Niebuhrius
1164 657 1233 754 200)
1263 679 1329 728 ιιι·

308 759 362 846 tit,
388 757 456 828 has
482 779 625 850 quoque
650 758 810 844 fabulas,
837 765 879 827 ιιι
902 758 1112 846 Atellanas,
1140 762 1186 830 ab
1211 757 1329 830 Romae

309 861 366 932 nis
397 859 562 953 ingenuis
594 859 764 928 incolumi
798 858 945 929 civitate
977 861 1038 952 agi
1063 863 1242 951 potuisse,
1273 884 1331 952 qua

308 970 512 1049 remotus,
548 961 682 1032 nescio.
733 959 908 1034 Veterum
935 984 1041 1031 nemo
1067 963 1155 1034 illud
1181 964 1331 1050 tradidit3

310 1072 346 1135 et
370 1071 518 1156 propter
541 1061 612 1133 hoc
636 1063 772 1154 ipsum,
806 1064 903 1153 qnod
928 1062 1058 1134 Livius
1085 1065 1219 1136 diserte
1243 1065 1331 1136 Atel·

308 1165 413 1236 lanas
439 1166 537 1235 solas
564 1166 609 1234 ab
635 1162 812 1234 Romanis
837 1165 1003 1256 ingenuis
1030 1172 1130 1236 actas
1157 1187 1238 1236 esse
1262 1187 1330 1234 nar-

307 1277 376 1356 rat,
402 1267 557 1336 dubitari
582 1289 654 1334 non
680 1273 808 1356 potest,
834 1266 918 1358 quin
945 1268 991 1336 ab
1018 1267 1145 1337 iisdem
1166 1267 1331 1337 histrioni·

307 1369 389 1458 bus,
417 1370 478 1461 qui
492 1367 658 1460 palliatas
673 1375 832 1459 agerent,
860 1368 967 1437 etiam
982 1375 1126 1460 togatae
1141 1370 1213 1438 sint
1229 1377 1330 1438 actae.

308 1470 408 1542 Livii
440 1471 542 1539 locus
574 1468 634 1538 hic
667 1469 821 1563 est²⁰¹):
862 1468 1004 1555 „Quod
1037 1491 1153 1561 genus
1179 1471 1332 1539 ludorum

309 1568 555 1667 (Atellanas),
589 1571 635 1638 ab
661 1566 769 1640 Oscis
795 1580 999 1659 acceptum,
1026 1572 1139 1640 tenuit
1162 1571 1330 1653 iuventus,

307 1693 376 1743 nec
402 1674 447 1742 ab
473 1671 708 1741 histrionibus
733 1670 846 1763 pollui
871 1691 980 1761 passa
1006 1679 1070 1742 est.
1122 1671 1179 1742 Eo
1206 1672 1330 1742 institu-

308 1783 384 1844 tum
407 1780 539 1860 manet,
565 1780 606 1841 ut
630 1778 772 1843 actores
785 1773 1035 1843 Atellanarum
1060 1795 1129 1844 nec
1154 1776 1331 1867 tribu-mo·

306 1881 480 1964 veantur,
523 1880 559 1944 et
597 1873 792 1965 stipendia,
833 1881 1013 1966 tamquam
1048 1882 1217 1965 expertes
1257 1874 1331 1944 artis

306 1977 487 2064 ludicrae,
529 1975 708 2047 iaciant.“
759 1975 863 2051 Idem
902 1977 1052 2068 colliges
1090 1999 1137 2047 ex
1177 1977 1330 2061 Horatio,

307 2079 486 2151 scribente
500 2077 587 2175 ²⁰²):

356 2179 497 2270 „Recte
513 2201 628 2249 necne
644 2199 789 2249 crocum
801 2179 979 2271 floresque
994 2180 1220 2270 perambulet
1232 2180 1331 2249 Attae

219 2333 222 2342 .
357 2281 509 2367 Fabula,
536 2282 568 2351 si
591 2280 762 2368 dubitem,
789 2283 944 2351 clament
967 2281 1123 2372 periisse
1143 2283 1310 2370 pudorem

215 2456 225 2473 ,
359 2379 490 2454 Cuncti
523 2405 640 2474 paene
677 2391 816 2473 patres:
858 2405 902 2452 ea
931 2405 1038 2476 quum
1078 2383 1331 2474 reprehendere

357 2585 465 2666 Quae
479 2587 603 2680 gravis
616 2583 799 2675 Aesopus,
814 2605 907 2676 quae
922 2506 1221 2656 doccddserl’loscius
1234 2581 1310 2675 egit.
1313 2583 1332 2622 “

305 2704 435 2799 Neque
461 2705 555 2775 enim
580 2703 689 2788 Atta,
730 2705 826 2796 quod
851 2703 1026 2792 sciamus,
1068 2702 1158 2773 allas
1185 2701 1330 2811 fabulas,

306 2815 413 2898 atquc
438 2814 593 2901 togatas,
620 2806 832 2896 composuit.
873 2803 1040 2898 Denique
1060 2805 1131 2875 huo
1152 2799 1272 2874 trahi
1262 2821 1330 2895 pos-

305 2915 389 2977 sunt
414 2907 517 2992 haec,
544 2921 635 2998 quae
661 2900 896 2977 Suetonius
884 2929 921 2976 m
946 2905 1102 2978 Neronis
1135 2908 1253 2997 eapite
1276 2924 1330 2971 un-

306 3009 446 3079 decimo
481 2995 601 3078 offert.
640 3002 825 3096 „Inducta
867 3016 921 3078 est
960 3016 996 3077 et
1027 3007 1173 3079 Afranii
1206 3009 1330 3098 togata,

305 3124 441 3206 quae
439 3107 653 3180 Incendium
692 3110 916 3198 inscribitur3
963 3132 1262 3202 concessumque,
1298 3109 1331 3172 ut

305 3212 463 3282 scaenici
495 3211 654 3280 ardentis
686 3212 814 3281 domus
854 3211 1112 3304 supellectilem
1145 3209 1330 3304 diriperent

305 3336 349 3384 ac
374 3312 443 3385 sibi
468 3312 686 3383 haberent.“

404 3447 588 3519 Asconius
614 3446 822 3518 Paedianus
836 3446 903 3543 203)
929 3423 1070 3535 narrat,
1103 3446 1253 3517 Latinas
1282 3443 1328 3513 ia·

302 3549 424 3648 bulas,
460 3555 500 3644 ιιι
524 3557 686 3642 togatas,
728 3548 917 3621 Atellanas
944 3559 980 3620 et
1004 3550 1212 3623 huiusmodi
1236 3547 1327 3627 alias,

300 3673 367 3743 per
391 3651 583 3743 pauciores
609 3659 709 3722 actas
731 3673 811 3722 esse
825 3674 1010 3742 personas,
1038 3673 1145 3744 quam
1163 3645 1327 3722 Graecas.

95 3764 104 3775 ''
189 3757 209 3857 ζ
301 3751 501 3825 Diomedes
515 3748 581 3849 204)
609 3752 753 3867 quidem
778 3760 903 3824 contra
923 3752 1058 3842 scribit,
1083 3753 1236 3823 Latinos
1250 3744 1327 3820 scri·

387 3960 471 4088 200)
484 4007 583 4064 Roem.
606 3957 708 4066 Gescb.
738 4005 778 4064 T.
796 4006 818 4065 l.
845 4007 945 4084 pila
969 4006 1013 4064 ed.
1035 4005 1134 4064 ΙΙ.-
1152 3997 1241 4082 201)
1262 3996 1326 4057 illst.

187 4129 199 4155 ι
303 4085 365 4146 vll.
393 4095 492 4149 2-
533 4088 610 4172 202)
638 4090 728 4172 llpirt.
745 4090 781 4150 ΙΙ.
810 4097 838 4151 1.
871 4097 913 4152 79
936 4109 1073 4170 rqqm-
1110 4085 1185 4170 203)
1214 4087 1249 4146 ιιι
1274 4080 1327 4141 uio.

304 4169 460 4283 llirinat.
451 4194 480 4234 ιιι
502 4175 539 4242 (ι.
561 4168 1311 4258 enemim-a204)111.p.4esap.1’uu0n

636 4398 652 4437 ι
