2772 4968
1058 383 1133 466 rru

86 562 209 624 Bothius
230 561 353 644 priororn
374 580 498 636 umus,
521 567 554 620 ut
573 560 673 636 Moru,
695 513 814 620 sitorum
835 558 877 621 sio
897 559 1010 622 scribit:

131 649 248 712 anoo
268 647 458 719 abstrudi,
479 665 523 706 us
543 645 649 728 togsi
670 645 838 712 rustiono
859 646 909 706 sit
929 647 1046 728 copis.

87 733 147 793 sod
168 733 315 793 audiamus
335 732 511 793 Ludoviouus
533 732 698 790 Corrionenr
719 731 866 810 Antiqnnr.
888 732 953 792 leot.
973 732 996 792 Ι.
1012 740 1062 805 11,
1083 733 1131 794 uhi

51 876 55 882 .
85 817 306 900 husisffirnusr
328 817 468 902 ,Πομ
488 814 707 895 inquitNoniun
729 816 830 876 dictu
851 819 1129 900 oststogondo,

86 910 124 963 st
151 911 221 976 ost,
257 902 355 962 sicut
382 901 419 960 in
447 900 715 961 consuetudine
741 901 908 975 habetur,
938 903 1130 965 vestimen-

84 994 158 1048 tuns
179 1007 246 1066 quo
269 987 303 1046 in
332 985 414 1046 foro
442 984 633 1046 omicimnr.
663 985 802 1045 dicitur
830 994 865 1045 ot
894 993 1033 1046 tectum.
1067 986 1128 1047 Ti·

84 1073 232 1132 tinnius
255 1071 418 1132 Gemino:
443 1073 560 1149 Syrus
577 1103 619 1114 --
636 1069 738 1129 tecti.
760 1091 832 1148 quon
847 1071 871 1129 si
886 1071 1127 1150 scripsitNonius,

83 1157 169 1218 vuido
196 1177 258 1218 oum
280 1155 358 1238 sugit
379 1155 467 1218 rstio:
499 1155 574 1234 quod
596 1174 656 1214 cunr
679 1156 807 1234 exemplo
829 1155 858 1214 in
880 1175 940 1216 num
962 1177 1020 1218 reor
1043 1176 1128 1236 quon·
1240 1155 1248 1168 '

84 1241 143 1301 sito
166 1249 298 1302 tectum
326 1261 390 1300 esse
420 1248 532 1322 tognss,
563 1240 649 1300 veiint
670 1240 786 1300 donoro:
820 1259 894 1300 nuno
921 1250 1021 1302 contro
1048 1242 1128 1320 quusi

82 1326 129 1386 sui
159 1346 222 1388 eun
259 1326 419 1406 poeniteret
456 1323 593 1400 instituti,
638 1332 759 1405 togam
794 1324 995 1404 interpretetur
1035 1327 1128 1387 torti

82 1410 209 1471 nomino.
240 1411 292 1474 sed
323 1411 455 1472 videlicet
476 1409 622 1480 librarios,
655 1427 760 1488 sosque
788 1409 836 1488 qni
857 1410 975 1468 Nonium
998 1417 1127 1470 extruso·

80 1501 168 1568 runt,
197 1515 254 1554 non
284 1495 373 1575 ipsum
405 1494 526 1552 Nonium
557 1492 635 1574 fugit
664 1493 754 1564 rntio,
781 1494 828 1572 qui
859 1495 934 1553 huno
959 1495 988 1553 in
1016 1497 1127 1555 modurn

79 1579 258 1662 scripserat:
300 1580 433 1640 dieitur
472 1587 507 1638 et
540 1585 683 1637 tectum.
734 1577 925 1638 Titinnius
964 1579 1125 1642 Genius:

81 1666 201 1744 Syrus
227 1685 299 1726 oum
330 1672 455 1723 scorto
487 1663 688 1722 coustituit
714 1661 780 1738 irs,
813 1663 934 1724 claves
965 1664 1051 1726 ilico
1072 1665 1126 1725 ob-

80 1749 206 1809 strndi
227 1749 354 1820 iubeo,
381 1747 474 1808 tecti
496 1768 536 1807 no
563 1748 613 1807 sit
641 1748 760 1827 sopio,
792 1747 826 1807 id
857 1755 927 1820 nst,
958 1749 1126 1810 rusticos

80 1839 228 1916 togae.“
270 1834 381 1893 Deinde
402 1841 511 1904 nutem,
543 1832 657 1904 dubius,
689 1852 753 1891 nuru
776 1833 902 1912 Syrus,
935 1853 970 1892 nn
993 1834 1030 1894 Si
1064 1854 1125 1895 rus

79 1917 299 1998 praeferendum
321 1919 368 1990 sit,
390 1917 494 1976 Titinii
516 1917 607 1976 locum
628 1917 671 1976 sic
691 1916 821 1976 exhibet:

736 2033 779 2048 -
801 2002 913 2079 Syrus

125 2087 211 2146 Cum
230 2093 356 2145 scorto
379 2085 547 2144 instituit
569 2084 636 2156 iro3
659 2083 784 2145 olores
806 2085 905 2145 illico

124 2171 298 2232 Abstrudi
320 2169 439 2241 iuboo,
462 2170 551 2229 tecti
572 2189 614 2229 no
636 2167 684 2227 sit
705 2168 818 2248 sopio.

78 2257 183 2334 Noque
204 2255 288 2315 oiitor
309 2255 428 2314 Vossius
444 2255 563 2332 Etymoi.
586 2274 612 2316 v.
635 2255 751 2335 Tego.
780 2252 854 2320 Quin
870 2253 970 2312 Corrio
982 2259 1124 2334 postremo

78 2339 248 2402 vastatori
269 2340 347 2400 otiati
369 2346 447 2399 rnnto
468 2337 683 2418 transposuerit,
706 2356 787 2398 nomo
804 2337 866 2398 iuro
882 2337 1029 2398 dubitabit.
1063 2339 1122 2398 Sed

79 2425 188 2486 Titinii
209 2426 289 2484 iocus
310 2425 423 2483 otnnino
445 2424 486 2484 sic
508 2424 672 2484 scribendus
692 2423 819 2483 videturr

132 2510 178 2580 Si
202 2531 265 2580 rus
290 2532 372 2580 oum
397 2509 518 2580 scorto
544 2507 817 2593 constituitur,
844 2508 967 2578 claves
992 2497 1091 2580 sslioo

1 2649 2 2687 1
131 2609 312 2682 Ansrrndi
337 2611 459 2696 iubeo,
486 2611 641 2681 trintina
668 2610 714 2679 sit
740 2607 855 2704 eopia.

1 2758 2 2770 ,
78 2711 211 2776 Alterura
230 2731 342 2776 versum
362 2730 414 2794 pro
436 2712 563 2774 olousuls
583 2709 739 2774 habendum
759 2717 837 2792 puto.

572 2863 638 2924 xfl.

166 2980 276 3040 Nouius
298 3002 326 3062 p·
341 2985 404 3043 486
426 2981 470 3042 od.
491 2980 596 3042 Mero:
619 2981 727 3055 „ihus
748 2998 799 3060 pro
821 2979 857 3038 iis
877 2976 968 3037 minus
988 2975 1122 3038 Latinum

79 3072 165 3145 putot
184 3066 370 3137 oonsuetndo‚
393 3085 476 3145 quum
496 3073 623 3128 vetorum
650 3063 820 3125 auctoritoto
847 3061 993 3143 plurimum
1019 3063 1122 3126 uolent.

81 3149 213 3212 Titinius
234 3150 264 3209 in
286 3151 420 3210 Gemino:

129 3233 190 3310 Eu
212 3243 355 3308 ecastor
375 3227 588 3308 simorotoe
603 3223 684 3306 sitis
705 3233 833 3306 ombus
855 3231 948 3319 ibris,
973 3238 1015 3306 ut
1040 3254 1124 3325 ego,

130 3333 337 3408 Moribus.“
370 3375 414 3392 -

80 3436 121 3495 si.
144 3436 312 3500 odiosus
333 3437 453 3503 (inest.
473 3436 502 3498 iu
525 3436 621 3498 Plout.
642 3435 728 3496 ussat.
743 3435 767 3495 Ι.
789 3439 819 3496 st
838 3430 996 3494 Pnlnssrius
1016 3430 1123 3512 inflpi-

81 3521 176 3602 ἀὴρ,
200 3524 285 3584 Gnt.
304 3523 396 3582 Titos.
418 3521 481 3584 orit.
496 3523 536 3580 T.
549 3521 596 3582 iv.
620 3529 733 3600 p.780,
755 3518 815 3580 sio.
836 3547 878 3564 -·
901 3516 1029 3576 ornbsn.
1051 3517 1126 3578 Vsu.

82 3606 105 3664 Ι.
126 3607 162 3668 ΙΙ.
189 3607 257 3669 Pur.
278 3606 391 3678 subur
413 3605 537 3668 fortusse
557 3613 645 3668 recto.
666 3637 709 3652 -
730 3612 769 3664 ut
789 3621 867 3684 ogo.
894 3601 945 3664 Sin
965 3601 1036 3662 Vsu.
1053 3601 1127 3666 tu.

80 3690 165 3764 Por.;
195 3691 262 3752 iton
285 3691 452 3754 Gulielmius
472 3692 491 3754 Ι.
512 3711 538 3752 o.
580 3687 979 3752 necestuosorum
998 3692 1037 3746 ut
1057 3705 1123 3764 pro

81 3793 164 3856 ogo,
205 3777 281 3838 unte
319 3776 479 3838 Potuerius
509 3777 528 3836 l.
559 3795 585 3836 o.
619 3773 688 3837 inuit
719 3780 760 3836 ut
795 3778 878 3852 pote
910 3789 997 3852 ogo,
1038 3769 1124 3848 quod,

80 3866 117 3920 ut
145 3867 242 3922 mosot
284 3861 420 3933 Botlrins,
463 3861 505 3924 sio
543 3879 600 3920 sos
644 3858 746 3918 dicitur
781 3857 896 3920 latine.
949 3856 1124 3933 Quousqusus

81 3943 178 4006 nisus
214 3953 275 4017 nst,
311 3946 387 4008 ndo
419 3946 488 4010 illud
513 3965 577 4026 pro
608 3943 763 4024 irrepserit.
791 3976 835 3996 -v
858 3939 1030 4002 Moribus.
1073 3937 1124 4002 sio

82 4037 283 4104 sumserunt,
312 4031 388 4108 quod
408 4037 455 4094 ost
475 4030 504 4092 is
525 4029 612 4092 Nonii
633 4027 821 4098 editionibus,
843 4032 910 4090 osso
931 4023 1019 4086 unc.
1042 4041 1125 4086 euru·

81 4110 135 4182 tis,
159 4113 372 4176 nsioribus.
415 4114 536 4175 Bothius
564 4121 656 4176 totuss
675 4115 767 4176 locun
789 4113 842 4174 huc
863 4109 976 4176 rsuons
996 4108 1124 4174 utribus-

1 4251 2 4264 ,
82 4195 147 4255 dum
167 4196 328 4278 proposuit:
382 4183 400 4222 ⁸

829 4290 878 4356 Βῆ
