2774 4972
266 353 349 430 182

325 527 437 600 Parte
461 517 639 598 inferiore
663 525 724 596 hic
748 517 1004 618 implicabatr'ur
1030 533 1183 619 capat.“

273 629 488 694 Brundusio.
500 629 568 688 dun.
581 628 790 690 Brundisio.
810 628 1121 692 hiarassrundisio.
1134 663 1175 676 -
1194 630 1304 691 Parte.

274 718 354 778 Libri
376 713 413 771 in
436 721 549 794 parte.
581 714 646 772 Non
669 713 793 777 dubitari
816 713 1051 793 praepositionem
1071 715 1210 786 omittere,
1231 736 1306 794 quum

274 824 309 863 cn
331 799 427 860 addita
447 818 548 859 versus
569 799 679 856 modum
702 799 831 858 excedat.
875 800 974 857 Ortum
1001 797 1113 860 videtur
1134 801 1201 858 illud
1221 801 1254 860 in
1274 821 1307 860 ex

274 885 461 949 antecedente
494 883 711 942 Brundusin.
770 884 890 941 Bothios
928 891 1028 941 contra
1065 884 1230 945 vocabulum
1258 885 1307 944 hic

273 970 385 1032 uncinis
407 967 533 1038 inclusit;
566 968 641 1046 quod
663 969 802 1046 quamodo
825 989 842 1026 a
861 967 985 1026 librariis
1006 969 1071 1028 addi
1093 970 1230 1047 potuerit,
1257 991 1306 1028 non

273 1058 366 1118 video.
399 1052 514 1131 Lipsius
535 1053 681 1132 Epistolic.
704 1060 812 1132 quaest.
828 1053 862 1112 V.
875 1060 914 1114 25
932 1073 984 1131 pro
1005 1053 1064 1113 hic
1085 1054 1208 1113 coniecit
1226 1055 1306 1114 huic.

274 1143 350 1202 idem
380 1138 493 1217 scripsit
521 1135 648 1198 forceo
676 1158 727 1216 pro
756 1137 894 1208 fateor,
929 1138 1003 1216 quod
1031 1139 1096 1198 oiim
1124 1147 1192 1219 post
1211 1147 1308 1220 caput

274 1224 432 1307 legebatur.
475 1223 514 1280 At
534 1222 690 1281 hiercerius
718 1222 746 1280 in
769 1223 912 1281 annotatis
933 1223 1026 1294 docet,
1048 1223 1163 1283 verbum
1185 1225 1257 1282 istud
1276 1245 1308 1283 ex

272 1309 342 1370 Attii
364 1309 428 1367 loeo
449 1307 587 1366 sublatum
610 1306 772 1366 adhaesisse
793 1305 922 1367 Afranio.
963 1306 1008 1367 cf.
1029 1308 1102 1368 Attii
1121 1309 1308 1370 Aeneadarum

273 1395 334 1458 siva
355 1392 436 1453 Decii
456 1391 560 1474 fragm.
578 1392 626 1456 VI.

767 1545 818 1608 111.

359 1636 463 1724 Feritns
483 1684 511 1724 v.
534 1665 714 1745 sagaces,
735 1663 852 1743 Fragm.
873 1684 902 1743 p.
914 1670 952 1724 61
967 1663 1012 1722 ad.
1033 1663 1155 1724 Decem:
1186 1665 1310 1746 „Saga-

275 1750 547 1897 pppndpppplimm
578 1748 657 1808 multi
692 1768 727 1808 ac
767 1747 893 1808 sollertis
926 1748 1071 1808 acuminis.
1120 1747 1254 1809 Afranius
1284 1749 1309 1807 in

327 1936 422 2014 Quis
438 1927 514 2008 tdm
528 1934 655 2028 sagaci
671 1934 781 2006 cdrde
797 1941 905 2028 atquc
920 1935 1065 2030 ingenio
1080 1935 1245 2006 dniooi“
1302 2038 1303 2044 ἵ

771 2102 820 2161 iV.

238 2256 242 2262 -
361 2219 527 2286 Priscianus
542 2221 582 2283 X.
605 2229 633 2281 2.
657 2228 686 2282 7.
714 2243 744 2300 p.
765 2229 826 2282 879
855 2242 900 2300 ap.
928 2219 1059 2284 Porsen:
1096 2223 1233 2308 „Sapio
1262 2229 1309 2284 tam

280 2307 403 2387 sapivi
424 2308 468 2368 vel
491 2307 582 2386 sapii
605 2327 685 2386 quam
708 2305 813 2385 rapui
840 2306 992 2385 protulisse
1019 2313 1154 2367 auctores
1176 2308 1310 2375 inveniun-

280 2399 335 2451 tur.
358 2427 399 2437 —
420 2391 555 2450 Afranius
578 2391 604 2449 in
626 2389 827 2450 Brundusinis:

328 2485 518 2587 'Equidem
553 2513 650 2564 nunc
687 2493 841 2584 resipui,
885 2499 1074 2584 postquam
1111 2495 1238 2584 pectus
1263 2500 1310 2564 est

887 2585 1028 2664 laetitia
1051 2601 1262 2668 onustum.“

279 2696 434 2755 laetitia
455 2703 628 2755 onustum.
652 2697 749 2776 Staph.
771 2695 948 2755 laetitiae
969 2697 1175 2757 honustum.

693 2880 897 2892 ——---—·

352 3031 530 3092 -Luudantur
565 3033 635 3092 haec
672 3032 848 3114 fragmenta,
885 3032 912 3090 ai
939 3031 1067 3096 omiseris
1094 3032 1164 3092 iuud
1194 3035 1308 3102 Bruto,

282 3117 358 3195 quod
380 3117 408 3175 in
431 3118 572 3176 rronnuliis
594 3118 679 3177 Nonii
701 3118 871 3177 editionibus
894 3117 1043 3195 reperitur,
1065 3138 1102 3176 ex
1124 3117 1308 3188 Brundusinis,

281 3201 468 3272 Brundusium
491 3203 667 3276 Brundusio;
694 3211 725 3262 ut
746 3203 799 3265 riri
821 3203 897 3262 docti
919 3201 994 3261 dubii
1017 3202 1075 3260 sint
1096 3204 1131 3262 de
1154 3223 1222 3265 raro
1241 3201 1309 3261 sahu-

280 3287 326 3345 lae
348 3287 538 3366 inscriptione.
582 3289 661 3347 Hanc
687 3307 732 3347 ma
759 3287 901 3347 invenisse
933 3287 1055 3346 arbitror
1086 3289 1160 3367 apud
1182 3289 1309 3348 Donatum

281 3371 316 3429 dc
338 3372 505 3444 Comoedia,
533 3374 580 3432 uhi
603 3374 672 3432 hacc
693 3372 844 3452 leguntur:
874 3373 1029 3447 „Omnium
1051 3380 1144 3432 nutem
1165 3370 1309 3432 comoedia·

279 3476 340 3515 rum
363 3457 469 3535 scripto
490 3477 528 3518 ex
549 3465 670 3536 quatuor
691 3458 776 3516 rebus
798 3456 910 3515 omnino
928 3464 1083 3529 sumuntur,
1105 3457 1227 3530 nomine,
1247 3456 1309 3526 ioco,

280 3540 371 3614 facto,
394 3549 513 3600 eventus
542 3542 662 3616 nominc,
685 3550 718 3601 ut
738 3541 885 3616 Phormio,
908 3543 1034 3620 Hecyra,
1057 3543 1205 3614 Curculio,
1226 3537 1309 3618 Epidi-

280 3646 345 3698 cus3
377 3627 458 3698 ioco,
489 3634 521 3684 ut
552 3627 673 3700 Andria,
706 3627 867 3699 Leucadio,
896 3627 1141 3699 Brundusinam
1169 3626 1267 3686 facto“
1286 3627 1309 3681 at

280 3731 352 3788 quoe
379 3718 543 3790 sequuntur.
588 3713 736 3776 Caeterum
764 3712 860 3770 habuit
887 3712 933 3770 hic
954 3732 1065 3791 quoque
1085 3711 1219 3771 Afranius
1239 3726 1308 3788 praa·

280 3803 325 3854 ter
352 3796 433 3870 alios,
463 3815 535 3874 quos
570 3797 650 3874 sequi
684 3804 795 3875 posset,
825 3797 1026 3870 Menandrum,
1061 3797 1109 3876 qui
1134 3791 1307 3878 ssddplau,

279 3880 459 3955 Κνιδίαν,
477 3877 700 3956 Ὀλυνθίαν,
722 3882 793 3942 alias
817 3881 979 3961 scripserat.
