2774 4972
1055 339 1137 414 tta

141 505 231 567 flacc
245 506 384 586 quidam
399 508 503 590 quani
516 509 696 569 Osculana
711 529 832 592 pugna
845 517 915 582 eat,
937 531 1004 571 uon
1019 532 1135 576 necue.

141 591 241 662 Quin,
263 591 347 652 binc
366 593 425 674 qui
445 591 578 676 fugere
598 593 756 674 impulsi,
777 594 899 674 spolia
920 595 1135 678 colligunt.“

102 673 245 736 linceriun:
269 675 475 748 „Onculana
496 699 626 761 pugna.
648 677 707 738 l’ro
723 680 938 739 Auaculnna.
962 681 1044 745 Quae
1059 681 1135 742 infre

102 759 251 820 lenuntaic
268 762 387 842 expleo:
409 765 518 825 Brevi
542 765 686 824 eundem
708 783 829 845 regem
851 765 1042 826 devicerat
1057 767 1133 826 snt-

101 844 212 922 piciuo
234 847 388 907 Saverio
411 848 494 908 item
516 851 717 928 imperator
738 855 903 908 noeter.“
945 849 1049 909 Titinii
1070 871 1133 912 ver·

101 948 144 987 ana
172 930 312 1003 restituit,
343 941 375 991 ut
397 933 544 1014 Scaliger,
566 935 611 993 cui
632 933 745 994 Dclriua
777 953 888 1012 quoque
915 935 1083 996 auscultavit
1104 935 1133 994 lu

101 1023 237 1074 comment.
261 1016 297 1075 nd
320 1017 423 1078 Senec.
444 1019 589 1100 Agamem.
604 1025 676 1080 865.
709 1019 827 1076 Videtur
846 1025 939 1078 numm
956 1039 1016 1079 cum
1029 1020 1133 1078 llothio

101 1097 267 1162 mumolum
289 1119 369 1162 eene:

143 1181 246 1256 Haec
279 1178 427 1278 quidem
459 1188 562 1282 quasi
587 1187 773 1258 Asculano
798 1209 920 1280 pugna
953 1194 1025 1274 est,
1059 1181 1133 1258 nan

752 1311 877 1376 secua3

145 1385 253 1472 (luia,
281 1389 345 1482 qui
369 1390 497 1482 fugere
523 1390 617 1482 pulsi
643 1389 737 1476 binc,
764 1391 882 1482 spolia
907 1389 1089 1487 colligunt.

99 1485 167 1558 „Vix
187 1488 338 1567 quidquam
353 1491 471 1562 ,deeat‚“
493 1491 584 1571 inquit
603 1491 647 1556 air
663 1491 771 1562 doctua,
793 1499 927 1571 „praeter
942 1491 1131 1572 negationem,

100 1571 171 1630 cuiun
197 1575 352 1657 vestigium
387 1584 518 1656 cuperent
549 1576 577 1634 in
605 1574 749 1635 rlittera:
785 1597 848 1634 nam
876 1574 935 1654 qui
964 1575 1132 1655 pronomini,

101 1657 166 1733 quod
185 1658 344 1722 addendum
363 1658 428 1732 luit,
450 1661 643 1722 antecedentia
664 1660 742 1721 verbi
764 1659 849 1740 quia
870 1657 1001 1719 offecisse
1021 1659 1133 1721 videtur

100 1739 252 1802 similitudo.
297 1745 535 1810 Quemadmodum
569 1766 622 1804 nos
657 1764 769 1825 quoque
801 1765 996 1823 nonnunquam
1025 1745 1132 1803 maiora

85 1825 236 1886 ¹verborum
270 1827 419 1890 intervalla
445 1832 598 1908 reperimus
626 1830 654 1888 iu
682 1829 801 1890 vetustis
822 1829 916 1900 libris,
944 1829 991 1887 ubi
1013 1828 1133 1907 paucula

101 1907 356 1972 desiderabantur.“
398 1915 569 1975 Vocabulum
592 1915 642 1984 in,
665 1914 739 1993 quod
762 1914 882 1972 schedae
904 1913 1017 1986 babent,
1039 1919 1132 1971 ortum

100 1991 214 2070 videtur,
252 2018 336 2076 quum
364 2019 382 2078 q
404 1999 499 2058 littera
520 2000 704 2058 antecedente
725 2018 744 2059 a
764 1998 976 2070 obsorberetur3
1009 1997 1132 2076 illudque

101 2087 191 2154 putten
210 2083 300 2143 uerbo
323 2084 415 2162 pulei
436 2085 560 2144 additum
582 2091 634 2143 est.

175 2200 261 2265 (tund
293 2202 329 2262 ad
356 2202 444 2281 ipsam
472 2203 547 2262 illam
568 2221 692 2282 pugnam
714 2200 824 2273 attinet,
847 2198 986 2260 Duceniua
1007 2205 1128 2260 annota-

102 2279 147 2338 rit:
167 2285 249 2358 „Am
272 2285 307 2345 U.
330 2289 363 2346 G.
381 2293 443 2348 ⁴73
467 2288 596 2347 Valeriua
616 2287 760 2347 Laevinus
781 2307 799 2345 a
822 2286 932 2364 Pyrrbo
955 2285 1059 2355 vietus,
1082 2285 1130 2363 qui

100 2363 215 2442 Pyrrhus
245 2389 322 2430 anno
350 2373 481 2452 acqneoti
507 2393 525 2432 a
545 2373 580 2432 P.
604 2371 729 2451 Sulpicio
751 2371 907 2431 Saverione
929 2366 1130 2450 (Sauerrione)

18 2471 20 2488 ¹
102 2463 251 2528 tuperatun,
268 2464 300 2514 ut
315 2464 413 2516 narrat
423 2457 531 2517 Livius.
554 2459 726 2535 Quamquam
740 2456 884 2515 Plutarch.
906 2452 1020 2534 (Pyrrb.
1033 2453 1129 2531 xxi.)

102 2531 164 2594 banc
184 2541 340 2599 uecuodam
369 2561 492 2622 pugnam
519 2541 547 2600 in
582 2542 756 2601 consulatum
788 2539 911 2599 Fabricii
949 2538 1065 2598 Luacini
1101 2545 1131 2598 et

103 2617 201 2681 Aemilii
227 2625 301 2704 Papi
329 2625 421 2686 reiicit
447 2627 495 2706 qui
522 2635 587 2706 pont
608 2625 761 2704 Sulpicium
781 2625 912 2684 consules
932 2623 1043 2683 fuere.“
1074 2623 1131 2682 llo·

103 2703 167 2764 lbiua
186 2718 301 2768 contra:
325 2711 404 2782 „Sec
426 2712 462 2772 de
483 2711 600 2791 Sulpicii
622 2711 742 2770 victoria
762 2729 799 2769 ne
813 2709 912 2769 Livius
932 2709 1040 2787 quidem
1055 2726 1130 2765 men·

103 2786 195 2850 tionem
216 2792 288 2853 lacit
309 2794 337 2853 in
361 2796 482 2875 epitome
503 2797 565 2856 libri
587 2795 689 2868 133in
711 2802 849 2873 aequente,
869 2801 960 2854 autem
983 2793 1129 2870 Pyrrhum,

103 2890 234 2938 ῐθιιιιιιιω
257 2899 294 2938 ex
317 2881 415 2941 Sicilia
435 2882 464 2940 iu
487 2882 604 2952 ltaliam,
625 2881 727 2941 victum
745 2887 841 2938 narrat
857 2900 875 2938 a
890 2879 976 2939 Curio
995 2878 1130 2937 Dentato.

104 2955 253 3024 Etl'lorua
272 2974 300 3024 1.
328 2985 390 3046 cap.
415 2975 468 3028 ta:
497 2968 534 3024 ln
565 2967 694 3045 Apulia
720 2965 850 3024 deiude
884 2961 924 3043 (a.
945 2963 980 3022 U.
1003 2958 1130 3041 utra)

18 3043 19 3050 '
105 3046 182 3119 apud
208 3050 376 3108 Asculum
403 3050 529 3110 melius
550 3051 754 3110 dimicatum
778 3057 849 3121 ent,
878 3049 987 3108 Curio
1008 3046 1132 3106 Fabri·

105 3125 218 3208 cioqne
242 3135 365 3194 Coae.“
408 3137 433 3195 A
455 3135 541 3197 Curio
569 3143 599 3194 et
625 3135 754 3194 Fabricio
775 3135 913 3212 Pyrrhum
933 3132 1035 3193 victum
1058 3150 1131 3202 esse,

105 3225 224 3276 narretur
247 3218 331 3278 etium
353 3221 426 3299 apud
447 3221 543 3280 Aurel.
566 3221 707 3280 Victorem
720 3220 755 3278 «le
771 3219 843 3278 Viris
856 3218 956 3278 illustr.
970 3214 1132 3274 XXXVlll.

105 3291 156 3356 Nee
174 3308 266 3362 tamen
289 3325 346 3364 uua
368 3305 465 3364 conoul
487 3304 542 3364 fuit
564 3305 666 3366 Cumas
688 3324 749 3364 cum
773 3303 911 3362 Fabricio.
954 3301 1057 3381 Pergit
1076 3300 1132 3357 llo-

105 3378 183 3442 tbiua:
210 3388 315 3461 „Fons
343 3389 448 3448 erroris
477 3390 538 3469 ipae
567 3390 718 3469 Pompeiae
750 3395 855 3447 caeter.
884 3419 924 3430 ·-
957 3385 1014 3444 Sel
1042 3384 1133 3442 minor

18 3533 19 3552 ,
106 3461 188 3541 letti,
214 3476 380 3552 praesertim
402 3474 536 3545 mutilati,
558 3495 639 3554 quam
660 3471 738 3532 Flori
759 3482 845 3550 atque
866 3469 1010 3531 Plutarchi
1032 3474 1131 3528 aucto-

106 3547 179 3628 flius,
211 3578 265 3616 nee
294 3559 417 3620 dubitavi
444 3580 566 3639 ponere,
598 3559 672 3639 quod
695 3558 840 3617 Scbellero
862 3555 967 3636 placuit
988 3554 1015 3612 io
1038 3551 1132 3612 lexico

18 3701 19 3714 1
106 3627 213 3714 Latino,
235 3643 436 3716 Asculano,
468 3646 504 3706 ab
525 3646 629 3704 Asculo
657 3643 759 3722 oppido
781 3642 914 3722 Apuliae,
941 3638 988 3697 ubi
1015 3637 1133 3696 alterum

18 3739 19 3808 ι
106 3715 308 3803 illudprocliuru
324 3729 500 3790 commissum
515 3739 567 3803 est,
590 3729 780 3810 potiusquam
803 3725 1032 3802 Ausculaua,
1054 3720 1133 3780 ouiua

106 3799 160 3862 loco
185 3812 366 3874 Osculana
393 3815 525 3895 seriptum
546 3815 720 3875 contendunt
742 3814 817 3872 Seal.
840 3808 1042 3876 conmeatus,
1072 3824 1133 3866 cum

18 3953 19 3966 ,
107 3890 271 3956 verisimilius
299 3899 350 3972 ait,
386 3921 404 3958 a
431 3912 461 3958 et
486 3923 504 3960 n
531 3901 642 3960 litteras
669 3896 744 3958 forte
780 3903 963 3956 commutatas
996 3893 1069 3951 iuter
1102 3909 1134 3948 se

18 3971 19 3988 ¹
107 3967 185 4038 fuisse
203 3983 231 4042 b.
252 3983 282 4056 1.,
303 3987 378 4046 aicut
399 3986 466 4045 alibi
487 3987 629 4065 saepius.“
672 3986 775 4044 Festua
797 3991 888 4041 tamen
912 3980 980 4058 ipae,
1003 3986 1035 4035 Ul
1051 3993 1136 4054 ‘till'

107 4065 145 4117 sti
163 4085 198 4126 ex
217 4067 320 4130 additia
336 4071 430 4131 verbi·
447 4071 653 4154 Significat
674 4071 778 4130 etiam
800 4065 958 4127 naculum
978 4068 1043 4133 etc,
1061 4059 1137 4118 bautl

18 4199 19 4218 r
109 4139 180 4210 lubia
204 4154 320 4236 mipeit
350 4157 538 4218 (luculano.
581 4157 681 4236 Neque
713 4175 772 4216 rem
804 4150 928 4234 absolvit·
941 4146 1072 4210 =Bothiua
1100 4144 1136 4203 ‹le
