<?xml version="1.0" encoding="UTF-8"?>
<!DOCTYPE html PUBLIC "-//W3C//DTD XHTML 1.0 Transitional//EN"
    "http://www.w3.org/TR/xhtml1/DTD/xhtml1-transitional.dtd">
<html xmlns="http://www.w3.org/1999/xhtml" xml:lang="en" lang="en">
 <head>
  <title>
</title>
<meta http-equiv="Content-Type" content="text/html;charset=utf-8" />
  <meta name='ocr-system' content='tesseract 3.04.00' />
  <meta name='ocr-capabilities' content='ocr_page ocr_carea ocr_par ocr_line ocrx_word'/>
</head>
<body>
  <div class='ocr_page' id='page_1' title='image "./defabulatogatar00neukgoog_0115.png"; bbox 0 0 2772 4968; ppageno 0'>
   <div class='ocr_carea' id='block_1_1' title="bbox 178 335 455 414">
    <p class='ocr_par' dir='ltr' id='par_1_1' title="bbox 178 335 455 414">
     <span class='ocr_line' id='line_1_1' title="bbox 178 335 455 414; baseline 0 0"><span class='ocrx_word' id='word_1_1' title='bbox 178 335 455 414; x_wconf 78' lang='lat' dir='ltr'><strong>·l(ld·</strong></span> 
     </span>
    </p>
   </div>
   <div class='ocr_carea' id='block_1_2' title="bbox 274 513 1300 852">
    <p class='ocr_par' dir='ltr' id='par_1_2' title="bbox 274 513 1300 852">
     <span class='ocr_line' id='line_1_2' title="bbox 274 513 1298 596; baseline 0.004 -25"><span class='ocrx_word' id='word_1_2' title='bbox 274 518 334 586; x_wconf 82' lang='lat' dir='ltr'><strong>est3</strong></span> <span class='ocrx_word' id='word_1_3' title='bbox 361 531 435 588; x_wconf 92' lang='lat' dir='ltr'><strong>non,</strong></span> <span class='ocrx_word' id='word_1_4' title='bbox 457 519 489 573; x_wconf 90' lang='lat' dir='ltr'><strong>ut</strong></span> <span class='ocrx_word' id='word_1_5' title='bbox 509 513 739 589; x_wconf 81' lang='lat' dir='ltr'><strong>lrabetl&#39;ntsclr.,</strong></span> <span class='ocrx_word' id='word_1_6' title='bbox 754 514 956 578; x_wconf 79' lang='lat' dir='ltr'><strong>,lusuratae</strong></span> <span class='ocrx_word' id='word_1_7' title='bbox 977 535 1040 596; x_wconf 89' lang='lat' dir='ltr'><strong>pro</strong></span> <span class='ocrx_word' id='word_1_8' title='bbox 1060 535 1130 576; x_wconf 90' lang='lat' dir='ltr'><strong>non</strong></span> <span class='ocrx_word' id='word_1_9' title='bbox 1152 523 1298 577; x_wconf 82' lang='lat' dir='ltr'><strong>auratac.</strong></span> 
     </span>
     <span class='ocr_line' id='line_1_3' title="bbox 274 597 1299 682; baseline 0.004 -24"><span class='ocrx_word' id='word_1_10' title='bbox 274 597 345 658; x_wconf 83' lang='lat' dir='ltr'><strong>llam</strong></span> <span class='ocrx_word' id='word_1_11' title='bbox 368 599 572 680; x_wconf 72' lang='lat' dir='ltr'><strong>grammaticus</strong></span> <span class='ocrx_word' id='word_1_12' title='bbox 599 608 661 660; x_wconf 87' lang='lat' dir='ltr'><strong>tote</strong></span> <span class='ocrx_word' id='word_1_13' title='bbox 687 603 742 662; x_wconf 80' lang='lat' dir='ltr'><strong>lroc</strong></span> <span class='ocrx_word' id='word_1_14' title='bbox 768 601 863 682; x_wconf 85' lang='lat' dir='ltr'><strong>capito</strong></span> <span class='ocrx_word' id='word_1_15' title='bbox 889 603 924 662; x_wconf 86' lang='lat' dir='ltr'><strong>de</strong></span> <span class='ocrx_word' id='word_1_16' title='bbox 945 597 1087 664; x_wconf 75' lang='lat' dir='ltr'><strong>odvmliis</strong></span> <span class='ocrx_word' id='word_1_17' title='bbox 1109 607 1215 662; x_wconf 77' lang='lat' dir='ltr'><strong>tontum</strong></span> <span class='ocrx_word' id='word_1_18' title='bbox 1238 601 1299 682; x_wconf 75' lang='lat' dir='ltr'><strong>ugit</strong></span> 
     </span>
     <span class='ocr_line' id='line_1_4' title="bbox 275 683 1300 768; baseline 0.004 -28"><span class='ocrx_word' id='word_1_19' title='bbox 275 683 367 748; x_wconf 76' lang='lat' dir='ltr'><strong>Quum</strong></span> <span class='ocrx_word' id='word_1_20' title='bbox 397 691 490 744; x_wconf 85' lang='lat' dir='ltr'><strong>autem</strong></span> <span class='ocrx_word' id='word_1_21' title='bbox 521 685 646 746; x_wconf 87' lang='lat' dir='ltr'><strong>adverbii</strong></span> <span class='ocrx_word' id='word_1_22' title='bbox 677 687 845 748; x_wconf 70' lang='lat' dir='ltr'><strong>inaurato</strong></span> <span class='ocrx_word' id='word_1_23' title='bbox 872 689 1028 768; x_wconf 84' lang='lat' dir='ltr'><strong>exemplum</strong></span> <span class='ocrx_word' id='word_1_24' title='bbox 1057 688 1088 748; x_wconf 93' lang='lat' dir='ltr'><strong>in</strong></span> <span class='ocrx_word' id='word_1_25' title='bbox 1108 693 1234 767; x_wconf 75' lang='lat' dir='ltr'><strong>promptu</strong></span> <span class='ocrx_word' id='word_1_26' title='bbox 1253 705 1300 746; x_wconf 87' lang='lat' dir='ltr'><strong>nou</strong></span> 
     </span>
     <span class='ocr_line' id='line_1_5' title="bbox 274 767 882 852; baseline 0.01 -26"><span class='ocrx_word' id='word_1_27' title='bbox 274 767 407 841; x_wconf 80' lang='lat' dir='ltr'><strong>heberet,</strong></span> <span class='ocrx_word' id='word_1_28' title='bbox 435 769 518 828; x_wconf 87' lang='lat' dir='ltr'><strong>istum</strong></span> <span class='ocrx_word' id='word_1_29' title='bbox 540 771 645 832; x_wconf 84' lang='lat' dir='ltr'><strong>Titinii</strong></span> <span class='ocrx_word' id='word_1_30' title='bbox 664 771 757 833; x_wconf 88' lang='lat' dir='ltr'><strong>locum</strong></span> <span class='ocrx_word' id='word_1_31' title='bbox 777 771 882 852; x_wconf 80' lang='lat' dir='ltr'><strong>posuit.</strong></span> 
     </span>
    </p>
   </div>
   <div class='ocr_carea' id='block_1_3' title="bbox 360 955 1302 1169">
    <p class='ocr_par' dir='ltr' id='par_1_3' title="bbox 360 955 1302 1169">
     <span class='ocr_line' id='line_1_6' title="bbox 755 955 831 1015; baseline 0.013 -1"><span class='ocrx_word' id='word_1_32' title='bbox 755 955 831 1015; x_wconf 84' lang='lat' dir='ltr'><strong>Vlll.</strong></span> 
     </span>
     <span class='ocr_line' id='line_1_7' title="bbox 360 1051 1302 1169; baseline 0.003 -23"><span class='ocrx_word' id='word_1_33' title='bbox 360 1087 505 1147; x_wconf 78' lang='lat' dir='ltr'><strong>Charisius</strong></span> <span class='ocrx_word' id='word_1_34' title='bbox 531 1091 566 1149; x_wconf 89' lang='lat' dir='ltr'><strong>ll.</strong></span> <span class='ocrx_word' id='word_1_35' title='bbox 588 1111 615 1169; x_wconf 88' lang='lat' dir='ltr'><strong>p.</strong></span> <span class='ocrx_word' id='word_1_36' title='bbox 633 1096 695 1152; x_wconf 75' lang='lat'><strong>183</strong></span> <span class='ocrx_word' id='word_1_37' title='bbox 718 1111 764 1169; x_wconf 89' lang='lat' dir='ltr'><strong>ap.</strong></span> <span class='ocrx_word' id='word_1_38' title='bbox 785 1089 919 1151; x_wconf 70' lang='lat' dir='ltr'><strong>uuum:</strong></span> <span class='ocrx_word' id='word_1_39' title='bbox 951 1087 1094 1163; x_wconf 83' lang='lat' dir='ltr'><strong>„Medic</strong></span> <span class='ocrx_word' id='word_1_40' title='bbox 1124 1051 1232 1160; x_wconf 76' lang='lat' dir='ltr'><strong>lidio,</strong></span> <span class='ocrx_word' id='word_1_41' title='bbox 1260 1105 1302 1166; x_wconf 84' lang='lat' dir='ltr'><strong>per</strong></span> 
     </span>
    </p>
   </div>
   <div class='ocr_carea' id='block_1_4' title="bbox 270 1171 1376 4133">
    <p class='ocr_par' dir='ltr' id='par_1_4' title="bbox 270 1171 1376 4133">
     <span class='ocr_line' id='line_1_8' title="bbox 274 1171 1302 1254; baseline 0 -24"><span class='ocrx_word' id='word_1_42' title='bbox 274 1171 376 1233; x_wconf 75' lang='lat' dir='ltr'><strong>lovem</strong></span> <span class='ocrx_word' id='word_1_43' title='bbox 397 1180 447 1232; x_wconf 90' lang='lat' dir='ltr'><strong>aut</strong></span> <span class='ocrx_word' id='word_1_44' title='bbox 466 1172 549 1234; x_wconf 85' lang='lat' dir='ltr'><strong>iidem</strong></span> <span class='ocrx_word' id='word_1_45' title='bbox 570 1173 693 1236; x_wconf 80' lang='lat' dir='ltr'><strong>filiumve</strong></span> <span class='ocrx_word' id='word_1_46' title='bbox 715 1176 811 1248; x_wconf 77' lang='lat' dir='ltr'><strong>lovis,</strong></span> <span class='ocrx_word' id='word_1_47' title='bbox 839 1175 1002 1249; x_wconf 72' lang='lat' dir='ltr'><strong>Herculem,</strong></span> <span class='ocrx_word' id='word_1_48' title='bbox 1034 1193 1105 1254; x_wconf 79' lang='lat' dir='ltr'><strong>quae</strong></span> <span class='ocrx_word' id='word_1_49' title='bbox 1122 1172 1228 1238; x_wconf 89' lang='lat' dir='ltr'><strong>iuratio</strong></span> <span class='ocrx_word' id='word_1_50' title='bbox 1246 1191 1302 1251; x_wconf 88' lang='lat' dir='ltr'><strong>pro-</strong></span> 
     </span>
     <span class='ocr_line' id='line_1_9' title="bbox 274 1256 1302 1341; baseline 0.002 -27"><span class='ocrx_word' id='word_1_51' title='bbox 274 1256 336 1334; x_wconf 87' lang='lat' dir='ltr'><strong>pria</strong></span> <span class='ocrx_word' id='word_1_52' title='bbox 358 1257 480 1318; x_wconf 83' lang='lat' dir='ltr'><strong>virorum</strong></span> <span class='ocrx_word' id='word_1_53' title='bbox 502 1267 560 1332; x_wconf 88' lang='lat' dir='ltr'><strong>cst,</strong></span> <span class='ocrx_word' id='word_1_54' title='bbox 586 1268 619 1320; x_wconf 88' lang='lat' dir='ltr'><strong>ut</strong></span> <span class='ocrx_word' id='word_1_55' title='bbox 639 1259 805 1321; x_wconf 80' lang='lat' dir='ltr'><strong>feminarum</strong></span> <span class='ocrx_word' id='word_1_56' title='bbox 826 1261 975 1341; x_wconf 84' lang='lat' dir='ltr'><strong>lldepol,</strong></span> <span class='ocrx_word' id='word_1_57' title='bbox 997 1261 1166 1331; x_wconf 80' lang='lat' dir='ltr'><strong>Ecastor,</strong></span> <span class='ocrx_word' id='word_1_58' title='bbox 1188 1258 1302 1316; x_wconf 83' lang='lat' dir='ltr'><strong>lliuno.</strong></span> 
     </span>
     <span class='ocr_line' id='line_1_10' title="bbox 273 1339 1302 1423; baseline 0 -23"><span class='ocrx_word' id='word_1_59' title='bbox 273 1341 402 1423; x_wconf 65' lang='lat' dir='ltr'><strong>lienique</strong></span> <span class='ocrx_word' id='word_1_60' title='bbox 424 1343 552 1422; x_wconf 74' lang='lat' dir='ltr'><strong>Titinius</strong></span> <span class='ocrx_word' id='word_1_61' title='bbox 574 1345 604 1404; x_wconf 93' lang='lat' dir='ltr'><strong>in</strong></span> <span class='ocrx_word' id='word_1_62' title='bbox 625 1346 739 1418; x_wconf 85' lang='lat' dir='ltr'><strong>Setina,</strong></span> <span class='ocrx_word' id='word_1_63' title='bbox 770 1346 937 1405; x_wconf 87' lang='lat' dir='ltr'><strong>molliculum</strong></span> <span class='ocrx_word' id='word_1_64' title='bbox 962 1345 1214 1414; x_wconf 73' lang='lat' dir='ltr'><strong>molmcentnlnn,</strong></span> <span class='ocrx_word' id='word_1_65' title='bbox 1244 1339 1302 1401; x_wconf 81' lang='lat' dir='ltr'><strong>ede·</strong></span> 
     </span>
     <span class='ocr_line' id='line_1_11' title="bbox 273 1425 1373 1510; baseline -0.001 -26"><span class='ocrx_word' id='word_1_66' title='bbox 273 1425 378 1506; x_wconf 81' lang='lat' dir='ltr'><strong>minate</strong></span> <span class='ocrx_word' id='word_1_67' title='bbox 399 1427 573 1506; x_wconf 79' lang='lat' dir='ltr'><strong>loquentem,</strong></span> <span class='ocrx_word' id='word_1_68' title='bbox 606 1450 689 1509; x_wconf 87' lang='lat' dir='ltr'><strong>quum</strong></span> <span class='ocrx_word' id='word_1_69' title='bbox 710 1431 915 1510; x_wconf 86' lang='lat' dir='ltr'><strong>reprehendere</strong></span> <span class='ocrx_word' id='word_1_70' title='bbox 937 1430 1028 1510; x_wconf 75' lang='lat' dir='ltr'><strong>magis</strong></span> <span class='ocrx_word' id='word_1_71' title='bbox 1049 1429 1150 1490; x_wconf 85' lang='lat' dir='ltr'><strong>vellet:</strong></span> <span class='ocrx_word' id='word_1_72' title='bbox 1181 1429 1244 1501; x_wconf 79' lang='lat' dir='ltr'><strong>dn,</strong></span> <span class='ocrx_word' id='word_1_73' title='bbox 1267 1425 1303 1484; x_wconf 92' lang='lat' dir='ltr'><strong>in·</strong></span> <span class='ocrx_word' id='word_1_74' title='bbox 1369 1482 1373 1491; x_wconf 86' lang='grc'><em>,</em></span> 
     </span>
     <span class='ocr_line' id='line_1_12' title="bbox 273 1498 1373 1594; baseline -0.015 -11"><span class='ocrx_word' id='word_1_75' title='bbox 273 1511 350 1588; x_wconf 66' lang='lat' dir='ltr'><strong>(luit,</strong></span> <span class='ocrx_word' id='word_1_76' title='bbox 382 1512 463 1591; x_wconf 75' lang='lat' dir='ltr'><strong>quio</strong></span> <span class='ocrx_word' id='word_1_77' title='bbox 485 1515 542 1592; x_wconf 90' lang='lat' dir='ltr'><strong>pol</strong></span> <span class='ocrx_word' id='word_1_78' title='bbox 563 1515 693 1594; x_wconf 89' lang='lat' dir='ltr'><strong>edepol</strong></span> <span class='ocrx_word' id='word_1_79' title='bbox 715 1514 902 1588; x_wconf 74' lang='lat' dir='ltr'><strong>fabulare,</strong></span> <span class='ocrx_word' id='word_1_80' title='bbox 931 1514 986 1574; x_wconf 90' lang='lat' dir='ltr'><strong>edi</strong></span> <span class='ocrx_word' id='word_1_81' title='bbox 1007 1515 1108 1573; x_wconf 88' lang='lat' dir='ltr'><strong>medi.</strong></span> <span class='ocrx_word' id='word_1_82' title='bbox 1152 1511 1216 1571; x_wconf 84' lang='lat' dir='ltr'><strong>Edi</strong></span> <span class='ocrx_word' id='word_1_83' title='bbox 1235 1508 1302 1568; x_wconf 88' lang='lat' dir='ltr'><strong>Titi·</strong></span> <span class='ocrx_word' id='word_1_84' title='bbox 1372 1498 1373 1525; x_wconf 60' lang='lat'>¹</span> 
     </span>
     <span class='ocr_line' id='line_1_13' title="bbox 273 1595 1302 1678; baseline -0.002 -24"><span class='ocrx_word' id='word_1_85' title='bbox 273 1595 337 1664; x_wconf 84' lang='lat' dir='ltr'><strong>nius</strong></span> <span class='ocrx_word' id='word_1_86' title='bbox 359 1596 387 1654; x_wconf 91' lang='lat' dir='ltr'><strong>in</strong></span> <span class='ocrx_word' id='word_1_87' title='bbox 410 1597 563 1656; x_wconf 74' lang='lat' dir='ltr'><strong>llurutlrre:</strong></span> <span class='ocrx_word' id='word_1_88' title='bbox 594 1599 631 1658; x_wconf 95' lang='lat' dir='ltr'><strong>ld</strong></span> <span class='ocrx_word' id='word_1_89' title='bbox 652 1620 803 1660; x_wconf 88' lang='lat' dir='ltr'><strong>necesse</strong></span> <span class='ocrx_word' id='word_1_90' title='bbox 824 1599 1024 1678; x_wconf 79' lang='lat' dir='ltr'><strong>respondet</strong></span> <span class='ocrx_word' id='word_1_91' title='bbox 1044 1599 1137 1658; x_wconf 90' lang='lat' dir='ltr'><strong>edi.“</strong></span> <span class='ocrx_word' id='word_1_92' title='bbox 1181 1595 1302 1655; x_wconf 82' lang='lat' dir='ltr'><strong>Bedrius:</strong></span> 
     </span>
     <span class='ocr_line' id='line_1_14' title="bbox 274 1680 1301 1764; baseline -0.002 -26"><span class='ocrx_word' id='word_1_93' title='bbox 274 1681 332 1750; x_wconf 93' lang='lat' dir='ltr'><strong>„ln</strong></span> <span class='ocrx_word' id='word_1_94' title='bbox 355 1682 457 1760; x_wconf 84' lang='lat' dir='ltr'><strong>quihus</strong></span> <span class='ocrx_word' id='word_1_95' title='bbox 485 1684 661 1744; x_wconf 87' lang='lat' dir='ltr'><strong>scribendum</strong></span> <span class='ocrx_word' id='word_1_96' title='bbox 682 1693 751 1764; x_wconf 87' lang='lat' dir='ltr'><strong>puto</strong></span> <span class='ocrx_word' id='word_1_97' title='bbox 772 1683 1030 1744; x_wconf 85' lang='lat' dir='ltr'><strong>lllcdiusl&#39;idius</strong></span> <span class='ocrx_word' id='word_1_98' title='bbox 1056 1717 1099 1728; x_wconf 92' lang='lat'><strong>-—</strong></span> <span class='ocrx_word' id='word_1_99' title='bbox 1131 1680 1301 1741; x_wconf 77' lang='lat' dir='ltr'><strong>suboleret</strong></span> 
     </span>
     <span class='ocr_line' id='line_1_15' title="bbox 273 1761 1302 1848; baseline -0.001 -24"><span class='ocrx_word' id='word_1_100' title='bbox 273 1765 339 1824; x_wconf 81' lang='lat' dir='ltr'><strong>llic</strong></span> <span class='ocrx_word' id='word_1_101' title='bbox 365 1765 456 1824; x_wconf 84' lang='lat' dir='ltr'><strong>Medi</strong></span> <span class='ocrx_word' id='word_1_102' title='bbox 486 1767 531 1838; x_wconf 81' lang='lat' dir='ltr'><strong>(ut</strong></span> <span class='ocrx_word' id='word_1_103' title='bbox 551 1769 609 1840; x_wconf 85' lang='lat' dir='ltr'><strong>vir,</strong></span> <span class='ocrx_word' id='word_1_104' title='bbox 637 1790 692 1827; x_wconf 91' lang='lat' dir='ltr'><strong>nou</strong></span> <span class='ocrx_word' id='word_1_105' title='bbox 716 1769 838 1848; x_wconf 77' lang='lat' dir='ltr'>Edepol,</span> <span class='ocrx_word' id='word_1_106' title='bbox 865 1777 898 1827; x_wconf 91' lang='lat' dir='ltr'><strong>ut</strong></span> <span class='ocrx_word' id='word_1_107' title='bbox 925 1768 1062 1841; x_wconf 84' lang='lat' dir='ltr'><strong>foemina,</strong></span> <span class='ocrx_word' id='word_1_108' title='bbox 1096 1787 1147 1846; x_wconf 93' lang='lat' dir='ltr'><strong>pro</strong></span> <span class='ocrx_word' id='word_1_109' title='bbox 1174 1761 1302 1824; x_wconf 85' lang='lat' dir='ltr'><strong>Mediusfi·</strong></span> 
     </span>
     <span class='ocr_line' id='line_1_16' title="bbox 274 1845 1301 1932; baseline -0.002 -25"><span class='ocrx_word' id='word_1_110' title='bbox 274 1848 351 1922; x_wconf 90' lang='lat' dir='ltr'><strong>dius,</strong></span> <span class='ocrx_word' id='word_1_111' title='bbox 374 1852 448 1908; x_wconf 91' lang='lat' dir='ltr'><strong>sicut</strong></span> <span class='ocrx_word' id='word_1_112' title='bbox 469 1853 522 1910; x_wconf 84' lang='lat' dir='ltr'><strong>Edi</strong></span> <span class='ocrx_word' id='word_1_113' title='bbox 544 1874 595 1932; x_wconf 87' lang='lat' dir='ltr'><strong>pro</strong></span> <span class='ocrx_word' id='word_1_114' title='bbox 617 1853 804 1926; x_wconf 83' lang='lat' dir='ltr'><strong>Ediussrdius‚</strong></span> <span class='ocrx_word' id='word_1_115' title='bbox 833 1854 944 1912; x_wconf 86' lang='lat' dir='ltr'><strong>nemine</strong></span> <span class='ocrx_word' id='word_1_116' title='bbox 964 1851 1139 1932; x_wconf 80' lang='lat' dir='ltr'><strong>populariter</strong></span> <span class='ocrx_word' id='word_1_117' title='bbox 1160 1845 1301 1930; x_wconf 62' lang='lat' dir='ltr'><strong>truncato),</strong></span> 
     </span>
     <span class='ocr_line' id='line_1_17' title="bbox 272 1934 1301 2018; baseline -0.004 -24"><span class='ocrx_word' id='word_1_118' title='bbox 272 1965 316 1982; x_wconf 91' lang='lat'><strong>·-</strong></span> <span class='ocrx_word' id='word_1_119' title='bbox 346 1935 400 2007; x_wconf 93' lang='lat' dir='ltr'><strong>,ld</strong></span> <span class='ocrx_word' id='word_1_120' title='bbox 427 1956 580 1998; x_wconf 88' lang='lat' dir='ltr'><strong>necesse</strong></span> <span class='ocrx_word' id='word_1_121' title='bbox 610 1945 699 2010; x_wconf 88' lang='lat' dir='ltr'><strong>est,‘</strong></span> <span class='ocrx_word' id='word_1_122' title='bbox 741 1939 966 2018; x_wconf 88' lang='lat' dir='ltr'><strong>respondent</strong></span> <span class='ocrx_word' id='word_1_123' title='bbox 988 1936 1080 1997; x_wconf 89' lang='lat' dir='ltr'><strong>edi.“</strong></span> <span class='ocrx_word' id='word_1_124' title='bbox 1122 1936 1187 1995; x_wconf 90' lang='lat' dir='ltr'><strong>Non</strong></span> <span class='ocrx_word' id='word_1_125' title='bbox 1209 1934 1301 2003; x_wconf 88' lang='lat' dir='ltr'><strong>dubito,</strong></span> 
     </span>
     <span class='ocr_line' id='line_1_18' title="bbox 274 2017 1376 2102; baseline -0.004 -25"><span class='ocrx_word' id='word_1_126' title='bbox 274 2019 341 2096; x_wconf 89' lang='lat' dir='ltr'><strong>quin</strong></span> <span class='ocrx_word' id='word_1_127' title='bbox 371 2028 449 2092; x_wconf 78' lang='lat' dir='ltr'><strong>recte</strong></span> <span class='ocrx_word' id='word_1_128' title='bbox 476 2023 643 2084; x_wconf 86' lang='lat' dir='ltr'><strong>restituetur</strong></span> <span class='ocrx_word' id='word_1_129' title='bbox 670 2024 809 2082; x_wconf 88' lang='lat' dir='ltr'><strong>Medius</strong></span> <span class='ocrx_word' id='word_1_130' title='bbox 839 2022 954 2081; x_wconf 86' lang='lat' dir='ltr'><strong>lidius</strong></span> <span class='ocrx_word' id='word_1_131' title='bbox 981 2041 1032 2102; x_wconf 93' lang='lat' dir='ltr'><strong>pro</strong></span> <span class='ocrx_word' id='word_1_132' title='bbox 1059 2021 1180 2080; x_wconf 88' lang='lat' dir='ltr'><strong>llledio</strong></span> <span class='ocrx_word' id='word_1_133' title='bbox 1210 2017 1301 2078; x_wconf 85' lang='lat' dir='ltr'><strong>lidio.</strong></span> <span class='ocrx_word' id='word_1_134' title='bbox 1375 2065 1376 2074; x_wconf 14' lang='grc' dir='ltr'>ἦ</span> 
     </span>
     <span class='ocr_line' id='line_1_19' title="bbox 271 2103 1376 2187; baseline -0.002 -25"><span class='ocrx_word' id='word_1_135' title='bbox 271 2104 444 2184; x_wconf 85' lang='lat' dir='ltr'><strong>Depravatio</strong></span> <span class='ocrx_word' id='word_1_136' title='bbox 467 2107 532 2166; x_wconf 92' lang='lat' dir='ltr'><strong>inde</strong></span> <span class='ocrx_word' id='word_1_137' title='bbox 555 2116 619 2168; x_wconf 86' lang='lat' dir='ltr'><strong>crta</strong></span> <span class='ocrx_word' id='word_1_138' title='bbox 639 2108 691 2179; x_wconf 91' lang='lat' dir='ltr'><strong>sit,</strong></span> <span class='ocrx_word' id='word_1_139' title='bbox 713 2108 788 2187; x_wconf 87' lang='lat' dir='ltr'><strong>quod</strong></span> <span class='ocrx_word' id='word_1_140' title='bbox 806 2108 915 2186; x_wconf 84' lang='lat' dir='ltr'><strong>syllaba</strong></span> <span class='ocrx_word' id='word_1_141' title='bbox 936 2126 991 2178; x_wconf 89' lang='lat' dir='ltr'><strong>us,</strong></span> <span class='ocrx_word' id='word_1_142' title='bbox 1013 2105 1179 2184; x_wconf 87' lang='lat' dir='ltr'><strong>compendio</strong></span> <span class='ocrx_word' id='word_1_143' title='bbox 1200 2103 1301 2181; x_wconf 84' lang='lat' dir='ltr'><strong>scripto,</strong></span> <span class='ocrx_word' id='word_1_144' title='bbox 1375 2109 1376 2128; x_wconf 77' lang='lat'>³</span> 
     </span>
     <span class='ocr_line' id='line_1_20' title="bbox 273 2184 1302 2262; baseline -0.004 -16"><span class='ocrx_word' id='word_1_145' title='bbox 273 2208 330 2247; x_wconf 90' lang='lat' dir='ltr'><strong>non</strong></span> <span class='ocrx_word' id='word_1_146' title='bbox 358 2191 440 2252; x_wconf 86' lang='lat' dir='ltr'><strong>valde</strong></span> <span class='ocrx_word' id='word_1_147' title='bbox 468 2191 610 2252; x_wconf 84' lang='lat' dir='ltr'><strong>dissimilis</strong></span> <span class='ocrx_word' id='word_1_148' title='bbox 637 2199 700 2252; x_wconf 87' lang='lat' dir='ltr'><strong>crat</strong></span> <span class='ocrx_word' id='word_1_149' title='bbox 726 2212 744 2251; x_wconf 91' lang='lat' dir='ltr'><strong>o</strong></span> <span class='ocrx_word' id='word_1_150' title='bbox 773 2192 894 2252; x_wconf 74' lang='lat' dir='ltr'><strong>litterae.</strong></span> <span class='ocrx_word' id='word_1_151' title='bbox 946 2192 1005 2251; x_wconf 86' lang='lat' dir='ltr'><strong>Sed</strong></span> <span class='ocrx_word' id='word_1_152' title='bbox 1027 2191 1119 2262; x_wconf 91' lang='lat' dir='ltr'><strong>locus,</strong></span> <span class='ocrx_word' id='word_1_153' title='bbox 1153 2209 1191 2248; x_wconf 87' lang='lat' dir='ltr'><strong>ex</strong></span> <span class='ocrx_word' id='word_1_154' title='bbox 1211 2184 1302 2246; x_wconf 87' lang='lat' dir='ltr'><strong>Titinii</strong></span> 
     </span>
     <span class='ocr_line' id='line_1_21' title="bbox 273 2271 1376 2354; baseline -0.003 -22"><span class='ocrx_word' id='word_1_155' title='bbox 273 2273 373 2334; x_wconf 86' lang='lat' dir='ltr'><strong>Setina</strong></span> <span class='ocrx_word' id='word_1_156' title='bbox 394 2275 512 2354; x_wconf 87' lang='lat' dir='ltr'><strong>petitus,</strong></span> <span class='ocrx_word' id='word_1_157' title='bbox 545 2277 570 2335; x_wconf 92' lang='lat' dir='ltr'><strong>si</strong></span> <span class='ocrx_word' id='word_1_158' title='bbox 592 2297 629 2337; x_wconf 87' lang='lat' dir='ltr'><strong>ex</strong></span> <span class='ocrx_word' id='word_1_159' title='bbox 650 2276 745 2336; x_wconf 80' lang='lat' dir='ltr'><strong>Bothii</strong></span> <span class='ocrx_word' id='word_1_160' title='bbox 767 2277 931 2336; x_wconf 90' lang='lat' dir='ltr'><strong>coniectura</strong></span> <span class='ocrx_word' id='word_1_161' title='bbox 950 2275 1103 2346; x_wconf 86' lang='lat' dir='ltr'><strong>scribatur,</strong></span> <span class='ocrx_word' id='word_1_162' title='bbox 1131 2271 1301 2354; x_wconf 80' lang='lat' dir='ltr'><strong>frigidiuscu·</strong></span> <span class='ocrx_word' id='word_1_163' title='bbox 1375 2275 1376 2286; x_wconf 51' lang='lat'><em>*</em></span> 
     </span>
     <span class='ocr_line' id='line_1_22' title="bbox 271 2355 1300 2440; baseline -0.004 -24"><span class='ocrx_word' id='word_1_164' title='bbox 271 2358 327 2417; x_wconf 89' lang='lat' dir='ltr'><strong>lom</strong></span> <span class='ocrx_word' id='word_1_165' title='bbox 354 2360 472 2438; x_wconf 87' lang='lat' dir='ltr'><strong>praebet</strong></span> <span class='ocrx_word' id='word_1_166' title='bbox 497 2362 675 2421; x_wconf 88' lang='lat' dir='ltr'><strong>sententiam.</strong></span> <span class='ocrx_word' id='word_1_167' title='bbox 718 2363 816 2440; x_wconf 83' lang='lat' dir='ltr'><strong>Neque</strong></span> <span class='ocrx_word' id='word_1_168' title='bbox 838 2361 1050 2421; x_wconf 69' lang='lat' dir='ltr'><strong>auscultandum</strong></span> <span class='ocrx_word' id='word_1_169' title='bbox 1072 2365 1141 2439; x_wconf 91' lang='lat' dir='ltr'><strong>puto</strong></span> <span class='ocrx_word' id='word_1_170' title='bbox 1164 2355 1300 2424; x_wconf 87' lang='lat' dir='ltr'><strong>Turnelo,</strong></span> 
     </span>
     <span class='ocr_line' id='line_1_23' title="bbox 273 2439 1374 2518; baseline -0.005 -16"><span class='ocrx_word' id='word_1_171' title='bbox 273 2443 390 2502; x_wconf 77' lang='lat' dir='ltr'><strong>Advers.</strong></span> <span class='ocrx_word' id='word_1_172' title='bbox 414 2445 460 2503; x_wconf 88' lang='lat' dir='ltr'><strong>lll.</strong></span> <span class='ocrx_word' id='word_1_173' title='bbox 484 2453 524 2506; x_wconf 74' lang='lat'><strong>20</strong></span> <span class='ocrx_word' id='word_1_174' title='bbox 553 2445 703 2505; x_wconf 83' lang='lat' dir='ltr'><strong>scribenti:</strong></span> <span class='ocrx_word' id='word_1_175' title='bbox 736 2446 873 2518; x_wconf 86' lang='lat' dir='ltr'><strong>„llledius</strong></span> <span class='ocrx_word' id='word_1_176' title='bbox 893 2444 977 2504; x_wconf 88' lang='lat' dir='ltr'><strong>lidius</strong></span> <span class='ocrx_word' id='word_1_177' title='bbox 1005 2463 1063 2503; x_wconf 91' lang='lat' dir='ltr'><strong>non</strong></span> <span class='ocrx_word' id='word_1_178' title='bbox 1089 2443 1221 2503; x_wconf 83' lang='lat' dir='ltr'><strong>iurobant</strong></span> <span class='ocrx_word' id='word_1_179' title='bbox 1246 2439 1302 2500; x_wconf 86' lang='lat' dir='ltr'><strong>olim</strong></span> <span class='ocrx_word' id='word_1_180' title='bbox 1373 2479 1374 2482; x_wconf 17' lang='grc' dir='ltr'>η</span> 
     </span>
     <span class='ocr_line' id='line_1_24' title="bbox 272 2527 1302 2612; baseline -0.003 -27"><span class='ocrx_word' id='word_1_181' title='bbox 272 2527 412 2588; x_wconf 88' lang='lat' dir='ltr'><strong>mulieres.</strong></span> <span class='ocrx_word' id='word_1_182' title='bbox 434 2537 498 2590; x_wconf 88' lang='lat' dir='ltr'><strong>erat</strong></span> <span class='ocrx_word' id='word_1_183' title='bbox 519 2531 591 2590; x_wconf 90' lang='lat' dir='ltr'><strong>enim</strong></span> <span class='ocrx_word' id='word_1_184' title='bbox 614 2531 656 2590; x_wconf 89' lang='lat' dir='ltr'><strong>eis</strong></span> <span class='ocrx_word' id='word_1_185' title='bbox 677 2531 779 2612; x_wconf 75' lang='lat' dir='ltr'><strong>religio</strong></span> <span class='ocrx_word' id='word_1_186' title='bbox 802 2532 855 2590; x_wconf 88' lang='lat' dir='ltr'><strong>hoc</strong></span> <span class='ocrx_word' id='word_1_187' title='bbox 876 2529 1064 2590; x_wconf 88' lang='lat' dir='ltr'><strong>iusiurandum</strong></span> <span class='ocrx_word' id='word_1_188' title='bbox 1085 2527 1226 2607; x_wconf 85' lang='lat' dir='ltr'><strong>preferre:</strong></span> <span class='ocrx_word' id='word_1_189' title='bbox 1246 2542 1302 2604; x_wconf 88' lang='lat' dir='ltr'><strong>pre·</strong></span> 
     </span>
     <span class='ocr_line' id='line_1_25' title="bbox 271 2609 1301 2694; baseline -0.004 -23"><span class='ocrx_word' id='word_1_190' title='bbox 271 2612 337 2672; x_wconf 88' lang='lat' dir='ltr'><strong>inde</strong></span> <span class='ocrx_word' id='word_1_191' title='bbox 350 2614 477 2674; x_wconf 83' lang='lat' dir='ltr'><strong>Titinius</strong></span> <span class='ocrx_word' id='word_1_192' title='bbox 499 2615 722 2688; x_wconf 74' lang='lat' dir='ltr'><strong>adolescentem,</strong></span> <span class='ocrx_word' id='word_1_193' title='bbox 745 2617 793 2694; x_wconf 84' lang='lat' dir='ltr'><strong>qui</strong></span> <span class='ocrx_word' id='word_1_194' title='bbox 815 2616 846 2674; x_wconf 90' lang='lat' dir='ltr'><strong>iu</strong></span> <span class='ocrx_word' id='word_1_195' title='bbox 867 2614 1017 2674; x_wconf 85' lang='lat' dir='ltr'><strong>foeminam</strong></span> <span class='ocrx_word' id='word_1_196' title='bbox 1039 2614 1237 2694; x_wconf 76' lang='lat' dir='ltr'><strong>degeneraret,</strong></span> <span class='ocrx_word' id='word_1_197' title='bbox 1256 2609 1301 2666; x_wconf 87' lang='lat' dir='ltr'><strong>loc</strong></span> 
     </span>
     <span class='ocr_line' id='line_1_26' title="bbox 271 2691 1301 2784; baseline -0.004 -28"><span class='ocrx_word' id='word_1_198' title='bbox 271 2691 464 2757; x_wconf 86' lang='lat' dir='ltr'><strong>iusiurandum</strong></span> <span class='ocrx_word' id='word_1_199' title='bbox 487 2721 548 2784; x_wconf 73' lang='lat' dir='ltr'><strong>¹non</strong></span> <span class='ocrx_word' id='word_1_200' title='bbox 576 2701 681 2760; x_wconf 88' lang='lat' dir='ltr'><strong>audere</strong></span> <span class='ocrx_word' id='word_1_201' title='bbox 708 2700 802 2780; x_wconf 88' lang='lat' dir='ltr'><strong>eloqui</strong></span> <span class='ocrx_word' id='word_1_202' title='bbox 824 2699 900 2760; x_wconf 87' lang='lat' dir='ltr'><strong>dicit.</strong></span> <span class='ocrx_word' id='word_1_203' title='bbox 943 2700 1015 2759; x_wconf 86' lang='lat' dir='ltr'><strong>Nam</strong></span> <span class='ocrx_word' id='word_1_204' title='bbox 1036 2717 1098 2757; x_wconf 89' lang='lat' dir='ltr'><strong>cum</strong></span> <span class='ocrx_word' id='word_1_205' title='bbox 1118 2699 1222 2780; x_wconf 65' lang='lat' dir='ltr'><strong>ulgus</strong></span> <span class='ocrx_word' id='word_1_206' title='bbox 1241 2695 1301 2752; x_wconf 85' lang='lat' dir='ltr'><strong>laec</strong></span> 
     </span>
     <span class='ocr_line' id='line_1_27' title="bbox 271 2781 1300 2864; baseline -0.009 -20"><span class='ocrx_word' id='word_1_207' title='bbox 271 2784 358 2844; x_wconf 83' lang='lat' dir='ltr'><strong>verim</strong></span> <span class='ocrx_word' id='word_1_208' title='bbox 380 2782 568 2855; x_wconf 85' lang='lat' dir='ltr'><strong>imminueret,</strong></span> <span class='ocrx_word' id='word_1_209' title='bbox 592 2792 622 2844; x_wconf 92' lang='lat' dir='ltr'><strong>et</strong></span> <span class='ocrx_word' id='word_1_210' title='bbox 644 2785 825 2864; x_wconf 82' lang='lat' dir='ltr'><strong>depravaret,</strong></span> <span class='ocrx_word' id='word_1_211' title='bbox 848 2791 878 2845; x_wconf 91' lang='lat' dir='ltr'><strong>et</strong></span> <span class='ocrx_word' id='word_1_212' title='bbox 899 2803 950 2863; x_wconf 93' lang='lat' dir='ltr'><strong>pro</strong></span> <span class='ocrx_word' id='word_1_213' title='bbox 973 2783 1079 2842; x_wconf 88' lang='lat' dir='ltr'><strong>medius</strong></span> <span class='ocrx_word' id='word_1_214' title='bbox 1101 2784 1176 2842; x_wconf 84' lang='lat' dir='ltr'><strong>madi</strong></span> <span class='ocrx_word' id='word_1_215' title='bbox 1197 2781 1300 2846; x_wconf 89' lang='lat' dir='ltr'><strong>diceret,</strong></span> 
     </span>
     <span class='ocr_line' id='line_1_28' title="bbox 270 2865 1300 2948; baseline 0.001 -24"><span class='ocrx_word' id='word_1_216' title='bbox 270 2865 341 2925; x_wconf 83' lang='lat' dir='ltr'><strong>lacit</strong></span> <span class='ocrx_word' id='word_1_217' title='bbox 361 2886 423 2925; x_wconf 90' lang='lat' dir='ltr'><strong>eum</strong></span> <span class='ocrx_word' id='word_1_218' title='bbox 446 2868 539 2927; x_wconf 91' lang='lat' dir='ltr'><strong>dicere</strong></span> <span class='ocrx_word' id='word_1_219' title='bbox 561 2889 612 2948; x_wconf 91' lang='lat' dir='ltr'><strong>pro</strong></span> <span class='ocrx_word' id='word_1_220' title='bbox 635 2870 707 2928; x_wconf 89' lang='lat' dir='ltr'><strong>medi</strong></span> <span class='ocrx_word' id='word_1_221' title='bbox 729 2868 789 2928; x_wconf 85' lang='lat' dir='ltr'><strong>edi:</strong></span> <span class='ocrx_word' id='word_1_222' title='bbox 822 2870 871 2927; x_wconf 84' lang='lat' dir='ltr'><strong>An</strong></span> <span class='ocrx_word' id='word_1_223' title='bbox 901 2868 998 2947; x_wconf 83' lang='lat' dir='ltr'><strong>quia,</strong></span> <span class='ocrx_word' id='word_1_224' title='bbox 1024 2867 1130 2946; x_wconf 88' lang='lat' dir='ltr'><strong>inquit,</strong></span> <span class='ocrx_word' id='word_1_225' title='bbox 1160 2868 1232 2947; x_wconf 93' lang='lat' dir='ltr'><strong>pol,</strong></span> <span class='ocrx_word' id='word_1_226' title='bbox 1256 2881 1300 2920; x_wconf 78' lang='lat' dir='ltr'><strong>ue·</strong></span> 
     </span>
     <span class='ocr_line' id='line_1_29' title="bbox 272 2947 1300 3029; baseline -0.005 -20"><span class='ocrx_word' id='word_1_227' title='bbox 272 2950 376 3029; x_wconf 88' lang='lat' dir='ltr'><strong>depol</strong></span> <span class='ocrx_word' id='word_1_228' title='bbox 407 2949 587 3024; x_wconf 80' lang='lat' dir='ltr'><strong>fabulare,</strong></span> <span class='ocrx_word' id='word_1_229' title='bbox 620 2953 709 3012; x_wconf 90' lang='lat' dir='ltr'><strong>medi</strong></span> <span class='ocrx_word' id='word_1_230' title='bbox 741 2953 833 3013; x_wconf 88' lang='lat' dir='ltr'><strong>cdi.“</strong></span> <span class='ocrx_word' id='word_1_231' title='bbox 886 2953 1045 3012; x_wconf 88' lang='lat' dir='ltr'><strong>Secundum</strong></span> <span class='ocrx_word' id='word_1_232' title='bbox 1074 2952 1196 3010; x_wconf 84' lang='lat' dir='ltr'><strong>Charisii</strong></span> <span class='ocrx_word' id='word_1_233' title='bbox 1224 2947 1300 3009; x_wconf 83' lang='lat' dir='ltr'><strong>verbo</strong></span> 
     </span>
     <span class='ocr_line' id='line_1_30' title="bbox 271 3029 1303 3115; baseline -0.006 -21"><span class='ocrx_word' id='word_1_234' title='bbox 271 3035 454 3114; x_wconf 85' lang='lat' dir='ltr'><strong>exprobravit</strong></span> <span class='ocrx_word' id='word_1_235' title='bbox 475 3036 575 3115; x_wconf 82' lang='lat' dir='ltr'><strong>aliquis</strong></span> <span class='ocrx_word' id='word_1_236' title='bbox 597 3036 625 3095; x_wconf 94' lang='lat' dir='ltr'><strong>in</strong></span> <span class='ocrx_word' id='word_1_237' title='bbox 639 3037 739 3097; x_wconf 85' lang='lat' dir='ltr'><strong>Setina</strong></span> <span class='ocrx_word' id='word_1_238' title='bbox 754 3037 980 3110; x_wconf 81' lang='lat' dir='ltr'><strong>adolescentulo,</strong></span> <span class='ocrx_word' id='word_1_239' title='bbox 1003 3035 1162 3096; x_wconf 86' lang='lat' dir='ltr'><strong>effeminate</strong></span> <span class='ocrx_word' id='word_1_240' title='bbox 1179 3029 1303 3114; x_wconf 83' lang='lat' dir='ltr'><strong>loquenti,</strong></span> 
     </span>
     <span class='ocr_line' id='line_1_31' title="bbox 271 3119 1301 3203; baseline -0.003 -25"><span class='ocrx_word' id='word_1_241' title='bbox 271 3119 414 3179; x_wconf 89' lang='lat' dir='ltr'><strong>mollitiam</strong></span> <span class='ocrx_word' id='word_1_242' title='bbox 436 3120 533 3200; x_wconf 88' lang='lat' dir='ltr'><strong>ipsius.</strong></span> <span class='ocrx_word' id='word_1_243' title='bbox 576 3121 659 3181; x_wconf 88' lang='lat' dir='ltr'><strong>Dixit</strong></span> <span class='ocrx_word' id='word_1_244' title='bbox 680 3122 784 3203; x_wconf 78' lang='lat' dir='ltr'><strong>igitur,</strong></span> <span class='ocrx_word' id='word_1_245' title='bbox 805 3129 838 3181; x_wconf 92' lang='lat' dir='ltr'><strong>ut</strong></span> <span class='ocrx_word' id='word_1_246' title='bbox 859 3123 940 3181; x_wconf 91' lang='lat' dir='ltr'><strong>simul</strong></span> <span class='ocrx_word' id='word_1_247' title='bbox 962 3143 1000 3181; x_wconf 83' lang='lat' dir='ltr'><strong>ex</strong></span> <span class='ocrx_word' id='word_1_248' title='bbox 1020 3122 1109 3201; x_wconf 90' lang='lat' dir='ltr'><strong>ipsius</strong></span> <span class='ocrx_word' id='word_1_249' title='bbox 1126 3120 1228 3202; x_wconf 85' lang='lat' dir='ltr'><strong>Titinii</strong></span> <span class='ocrx_word' id='word_1_250' title='bbox 1247 3134 1301 3177; x_wconf 82' lang='lat' dir='ltr'><strong>ver-</strong></span> 
     </span>
     <span class='ocr_line' id='line_1_32' title="bbox 272 3201 1302 3287; baseline 0.001 -25"><span class='ocrx_word' id='word_1_251' title='bbox 272 3203 317 3263; x_wconf 84' lang='lat' dir='ltr'><strong>bis</strong></span> <span class='ocrx_word' id='word_1_252' title='bbox 338 3204 441 3280; x_wconf 78' lang='lat' dir='ltr'><strong>coelici</strong></span> <span class='ocrx_word' id='word_1_253' title='bbox 462 3213 571 3285; x_wconf 83' lang='lat' dir='ltr'><strong>potest,</strong></span> <span class='ocrx_word' id='word_1_254' title='bbox 593 3205 655 3267; x_wconf 83' lang='lat' dir='ltr'><strong>lere</strong></span> <span class='ocrx_word' id='word_1_255' title='bbox 675 3207 760 3266; x_wconf 74' lang='lat' dir='ltr'><strong>hoece</strong></span> <span class='ocrx_word' id='word_1_256' title='bbox 793 3207 916 3265; x_wconf 89' lang='lat' dir='ltr'><strong>Prorsus</strong></span> <span class='ocrx_word' id='word_1_257' title='bbox 937 3214 970 3265; x_wconf 92' lang='lat' dir='ltr'><strong>ut</strong></span> <span class='ocrx_word' id='word_1_258' title='bbox 990 3207 1090 3265; x_wconf 90' lang='lat' dir='ltr'><strong>mulier</strong></span> <span class='ocrx_word' id='word_1_259' title='bbox 1110 3213 1139 3264; x_wconf 86' lang='lat' dir='ltr'><strong>te</strong></span> <span class='ocrx_word' id='word_1_260' title='bbox 1161 3205 1250 3287; x_wconf 80' lang='lat' dir='ltr'><strong>geris,</strong></span> <span class='ocrx_word' id='word_1_261' title='bbox 1274 3201 1302 3256; x_wconf 72' lang='lat' dir='ltr'><strong>ul</strong></span> 
     </span>
     <span class='ocr_line' id='line_1_33' title="bbox 272 3281 1302 3372; baseline 0 -24"><span class='ocrx_word' id='word_1_262' title='bbox 272 3289 371 3348; x_wconf 91' lang='lat' dir='ltr'><strong>mulier</strong></span> <span class='ocrx_word' id='word_1_263' title='bbox 392 3290 529 3369; x_wconf 78' lang='lat' dir='ltr'><strong>loqueris3</strong></span> <span class='ocrx_word' id='word_1_264' title='bbox 562 3312 598 3350; x_wconf 89' lang='lat' dir='ltr'><strong>on</strong></span> <span class='ocrx_word' id='word_1_265' title='bbox 620 3292 686 3351; x_wconf 91' lang='lat' dir='ltr'><strong>inde</strong></span> <span class='ocrx_word' id='word_1_266' title='bbox 707 3300 790 3371; x_wconf 87' lang='lat' dir='ltr'><strong>putas</strong></span> <span class='ocrx_word' id='word_1_267' title='bbox 815 3291 952 3372; x_wconf 78' lang='lat' dir='ltr'><strong>intelligi,</strong></span> <span class='ocrx_word' id='word_1_268' title='bbox 979 3300 1008 3351; x_wconf 92' lang='lat' dir='ltr'><strong>te</strong></span> <span class='ocrx_word' id='word_1_269' title='bbox 1028 3291 1118 3352; x_wconf 83' lang='lat' dir='ltr'><strong>virum</strong></span> <span class='ocrx_word' id='word_1_270' title='bbox 1139 3311 1216 3360; x_wconf 87' lang='lat' dir='ltr'><strong>esse,</strong></span> <span class='ocrx_word' id='word_1_271' title='bbox 1237 3281 1302 3364; x_wconf 76' lang='lat' dir='ltr'><strong>quod</strong></span> 
     </span>
     <span class='ocr_line' id='line_1_34' title="bbox 270 3372 1300 3455; baseline -0.006 -23"><span class='ocrx_word' id='word_1_272' title='bbox 270 3373 344 3454; x_wconf 91' lang='lat' dir='ltr'><strong>pel,</strong></span> <span class='ocrx_word' id='word_1_273' title='bbox 367 3375 494 3454; x_wconf 88' lang='lat' dir='ltr'><strong>edepol</strong></span> <span class='ocrx_word' id='word_1_274' title='bbox 515 3374 668 3436; x_wconf 82' lang='lat' dir='ltr'><strong>fabularis&#39;l</strong></span> <span class='ocrx_word' id='word_1_275' title='bbox 692 3377 881 3455; x_wconf 84' lang='lat' dir='ltr'><strong>continuoque</strong></span> <span class='ocrx_word' id='word_1_276' title='bbox 903 3376 1023 3435; x_wconf 90' lang='lat' dir='ltr'><strong>irridens</strong></span> <span class='ocrx_word' id='word_1_277' title='bbox 1043 3395 1123 3434; x_wconf 89' lang='lat' dir='ltr'><strong>suom</strong></span> <span class='ocrx_word' id='word_1_278' title='bbox 1144 3375 1222 3435; x_wconf 87' lang='lat' dir='ltr'><strong>addit</strong></span> <span class='ocrx_word' id='word_1_279' title='bbox 1236 3372 1300 3429; x_wconf 87' lang='lat' dir='ltr'><strong>iura·</strong></span> 
     </span>
     <span class='ocr_line' id='line_1_35' title="bbox 271 3451 1299 3541; baseline -0.005 -23"><span class='ocrx_word' id='word_1_280' title='bbox 271 3459 375 3518; x_wconf 89' lang='lat' dir='ltr'><strong>tionem</strong></span> <span class='ocrx_word' id='word_1_281' title='bbox 396 3459 517 3532; x_wconf 89' lang='lat' dir='ltr'><strong>virilem,</strong></span> <span class='ocrx_word' id='word_1_282' title='bbox 550 3461 621 3533; x_wconf 92' lang='lat' dir='ltr'><strong>edi,</strong></span> <span class='ocrx_word' id='word_1_283' title='bbox 649 3461 753 3532; x_wconf 89' lang='lat' dir='ltr'><strong>medi,</strong></span> <span class='ocrx_word' id='word_1_284' title='bbox 784 3481 857 3541; x_wconf 83' lang='lat' dir='ltr'><strong>quac</strong></span> <span class='ocrx_word' id='word_1_285' title='bbox 878 3462 933 3519; x_wconf 90' lang='lat' dir='ltr'><strong>duo</strong></span> <span class='ocrx_word' id='word_1_286' title='bbox 955 3461 1043 3521; x_wconf 85' lang='lat' dir='ltr'><strong>verbe</strong></span> <span class='ocrx_word' id='word_1_287' title='bbox 1064 3461 1234 3540; x_wconf 89' lang='lat' dir='ltr'><strong>respondent</strong></span> <span class='ocrx_word' id='word_1_288' title='bbox 1253 3451 1299 3512; x_wconf 75' lang='lat' dir='ltr'><strong>iliis</strong></span> 
     </span>
     <span class='ocr_line' id='line_1_36' title="bbox 270 3538 1300 3624; baseline -0.005 -21"><span class='ocrx_word' id='word_1_289' title='bbox 270 3545 343 3624; x_wconf 92' lang='lat' dir='ltr'><strong>pol,</strong></span> <span class='ocrx_word' id='word_1_290' title='bbox 366 3544 502 3624; x_wconf 87' lang='lat' dir='ltr'><strong>edepol.</strong></span> <span class='ocrx_word' id='word_1_291' title='bbox 546 3547 643 3624; x_wconf 76' lang='lat' dir='ltr'><strong>ltaque</strong></span> <span class='ocrx_word' id='word_1_292' title='bbox 663 3546 841 3605; x_wconf 86' lang='lat' dir='ltr'><strong>scribendum</strong></span> <span class='ocrx_word' id='word_1_293' title='bbox 862 3547 914 3604; x_wconf 87' lang='lat' dir='ltr'><strong>sit:</strong></span> <span class='ocrx_word' id='word_1_294' title='bbox 937 3547 985 3604; x_wconf 82' lang='lat' dir='ltr'><strong>An</strong></span> <span class='ocrx_word' id='word_1_295' title='bbox 1008 3546 1092 3623; x_wconf 85' lang='lat' dir='ltr'><strong>quia</strong></span> <span class='ocrx_word' id='word_1_296' title='bbox 1112 3545 1212 3623; x_wconf 87' lang='lat' dir='ltr'><strong>,‚pol,</strong></span> <span class='ocrx_word' id='word_1_297' title='bbox 1233 3538 1300 3598; x_wconf 83' lang='lat' dir='ltr'><strong>edc-</strong></span> 
     </span>
     <span class='ocr_line' id='line_1_37' title="bbox 270 3626 1299 3709; baseline -0.01 -21"><span class='ocrx_word' id='word_1_298' title='bbox 270 3631 355 3709; x_wconf 92' lang='lat' dir='ltr'><strong>pol“</strong></span> <span class='ocrx_word' id='word_1_299' title='bbox 377 3627 561 3690; x_wconf 78' lang='lat' dir='ltr'><strong>fabuleret</strong></span> <span class='ocrx_word' id='word_1_300' title='bbox 590 3631 662 3702; x_wconf 92' lang='lat' dir='ltr'><strong>edi,</strong></span> <span class='ocrx_word' id='word_1_301' title='bbox 685 3631 783 3690; x_wconf 89' lang='lat' dir='ltr'><strong>medi.</strong></span> <span class='ocrx_word' id='word_1_302' title='bbox 832 3631 938 3689; x_wconf 86' lang='lat' dir='ltr'><strong>Versus</strong></span> <span class='ocrx_word' id='word_1_303' title='bbox 959 3635 1053 3688; x_wconf 87' lang='lat' dir='ltr'><strong>autern</strong></span> <span class='ocrx_word' id='word_1_304' title='bbox 1075 3637 1119 3688; x_wconf 88' lang='lat' dir='ltr'><strong>est</strong></span> <span class='ocrx_word' id='word_1_305' title='bbox 1139 3626 1299 3688; x_wconf 87' lang='lat' dir='ltr'><strong>Bacchiacus</strong></span> 
     </span>
     <span class='ocr_line' id='line_1_38' title="bbox 271 3708 1300 3794; baseline -0.004 -22"><span class='ocrx_word' id='word_1_306' title='bbox 271 3723 443 3774; x_wconf 85' lang='lat' dir='ltr'><strong>tetrameter.</strong></span> <span class='ocrx_word' id='word_1_307' title='bbox 486 3714 604 3772; x_wconf 88' lang='lat' dir='ltr'><strong>Bothius</strong></span> <span class='ocrx_word' id='word_1_308' title='bbox 626 3735 703 3786; x_wconf 88' lang='lat' dir='ltr'><strong>eum,</strong></span> <span class='ocrx_word' id='word_1_309' title='bbox 731 3736 769 3774; x_wconf 83' lang='lat' dir='ltr'><strong>ex</strong></span> <span class='ocrx_word' id='word_1_310' title='bbox 791 3735 843 3774; x_wconf 84' lang='lat' dir='ltr'><strong>suo</strong></span> <span class='ocrx_word' id='word_1_311' title='bbox 865 3714 1028 3774; x_wconf 86' lang='lat' dir='ltr'><strong>coniectura</strong></span> <span class='ocrx_word' id='word_1_312' title='bbox 1050 3715 1196 3794; x_wconf 83' lang='lat' dir='ltr'><strong>scripturn,</strong></span> <span class='ocrx_word' id='word_1_313' title='bbox 1225 3708 1300 3782; x_wconf 76' lang='lat' dir='ltr'><strong>habet</strong></span> 
     </span>
     <span class='ocr_line' id='line_1_39' title="bbox 271 3793 1300 3879; baseline -0.006 -21"><span class='ocrx_word' id='word_1_314' title='bbox 271 3817 322 3878; x_wconf 87' lang='lat' dir='ltr'><strong>pro</strong></span> <span class='ocrx_word' id='word_1_315' title='bbox 344 3800 417 3859; x_wconf 86' lang='lat' dir='ltr'><strong>trim.</strong></span> <span class='ocrx_word' id='word_1_316' title='bbox 440 3799 537 3869; x_wconf 64' lang='lat' dir='ltr'><strong>lamb„</strong></span> <span class='ocrx_word' id='word_1_317' title='bbox 569 3819 625 3857; x_wconf 90' lang='lat' dir='ltr'><strong>non</strong></span> <span class='ocrx_word' id='word_1_318' title='bbox 646 3807 796 3878; x_wconf 87' lang='lat' dir='ltr'><strong>reputans,</strong></span> <span class='ocrx_word' id='word_1_319' title='bbox 830 3801 951 3879; x_wconf 90' lang='lat' dir='ltr'><strong>priorem</strong></span> <span class='ocrx_word' id='word_1_320' title='bbox 973 3799 1106 3877; x_wconf 85' lang='lat' dir='ltr'><strong>syllabam</strong></span> <span class='ocrx_word' id='word_1_321' title='bbox 1136 3799 1164 3856; x_wconf 93' lang='lat' dir='ltr'><strong>in</strong></span> <span class='ocrx_word' id='word_1_322' title='bbox 1194 3794 1246 3856; x_wconf 90' lang='lat' dir='ltr'><strong>edi</strong></span> <span class='ocrx_word' id='word_1_323' title='bbox 1275 3793 1300 3848; x_wconf 79' lang='lat' dir='ltr'><strong>el</strong></span> 
     </span>
     <span class='ocr_line' id='line_1_40' title="bbox 272 3884 1299 3964; baseline -0.005 -22"><span class='ocrx_word' id='word_1_324' title='bbox 272 3885 362 3944; x_wconf 87' lang='lat' dir='ltr'><strong>medi</strong></span> <span class='ocrx_word' id='word_1_325' title='bbox 391 3885 523 3964; x_wconf 90' lang='lat' dir='ltr'><strong>perinde,</strong></span> <span class='ocrx_word' id='word_1_326' title='bbox 555 3889 587 3941; x_wconf 89' lang='lat' dir='ltr'><strong>ut</strong></span> <span class='ocrx_word' id='word_1_327' title='bbox 608 3884 723 3963; x_wconf 84' lang='lat' dir='ltr'><strong>primum</strong></span> <span class='ocrx_word' id='word_1_328' title='bbox 750 3885 778 3943; x_wconf 91' lang='lat' dir='ltr'><strong>in</strong></span> <span class='ocrx_word' id='word_1_329' title='bbox 802 3891 947 3944; x_wconf 78' lang='lat' dir='ltr'><strong>ecastor</strong></span> <span class='ocrx_word' id='word_1_330' title='bbox 974 3892 1004 3944; x_wconf 88' lang='lat' dir='ltr'><strong>et</strong></span> <span class='ocrx_word' id='word_1_331' title='bbox 1024 3891 1214 3952; x_wconf 82' lang='lat' dir='ltr'><strong>mecastor,</strong></span> <span class='ocrx_word' id='word_1_332' title='bbox 1244 3892 1299 3937; x_wconf 74' lang='lat' dir='ltr'><strong>esse</strong></span> 
     </span>
     <span class='ocr_line' id='line_1_41' title="bbox 273 3956 1300 4049; baseline -0.004 -22"><span class='ocrx_word' id='word_1_333' title='bbox 273 3969 397 4049; x_wconf 77' lang='lat' dir='ltr'><strong>longam.</strong></span> <span class='ocrx_word' id='word_1_334' title='bbox 451 3970 530 4028; x_wconf 88' lang='lat' dir='ltr'><strong>Unde</strong></span> <span class='ocrx_word' id='word_1_335' title='bbox 552 3969 636 4028; x_wconf 89' lang='lat' dir='ltr'><strong>ctiam</strong></span> <span class='ocrx_word' id='word_1_336' title='bbox 657 3967 774 4027; x_wconf 84' lang='lat' dir='ltr'><strong>fluxisse</strong></span> <span class='ocrx_word' id='word_1_337' title='bbox 803 3970 916 4030; x_wconf 77' lang='lat' dir='ltr'><strong>uidetur</strong></span> <span class='ocrx_word' id='word_1_338' title='bbox 946 3969 1007 4029; x_wconf 85' lang='lat' dir='ltr'><strong>eius</strong></span> <span class='ocrx_word' id='word_1_339' title='bbox 1039 3969 1214 4029; x_wconf 84' lang='lat' dir='ltr'><strong>coniectura:</strong></span> <span class='ocrx_word' id='word_1_340' title='bbox 1244 3956 1300 4034; x_wconf 81' lang='lat' dir='ltr'><strong>„ld</strong></span> 
     </span>
     <span class='ocr_line' id='line_1_42' title="bbox 271 4049 1298 4133; baseline -0.007 -21"><span class='ocrx_word' id='word_1_341' title='bbox 271 4057 425 4117; x_wconf 80' lang='lat' dir='ltr'><strong>necesse</strong></span> <span class='ocrx_word' id='word_1_342' title='bbox 451 4058 547 4126; x_wconf 85' lang='lat' dir='ltr'><strong>est,“</strong></span> <span class='ocrx_word' id='word_1_343' title='bbox 578 4055 801 4132; x_wconf 86' lang='lat' dir='ltr'><strong>respondent</strong></span> <span class='ocrx_word' id='word_1_344' title='bbox 832 4053 897 4114; x_wconf 90' lang='lat' dir='ltr'><strong>edi.</strong></span> <span class='ocrx_word' id='word_1_345' title='bbox 941 4053 1076 4114; x_wconf 82' lang='lat' dir='ltr'><strong>Fortasse</strong></span> <span class='ocrx_word' id='word_1_346' title='bbox 1098 4049 1298 4133; x_wconf 79' lang='lat' dir='ltr'><strong>corrigendum:</strong></span> 
     </span>
    </p>
   </div>
   <div class='ocr_carea' id='block_1_5' title="bbox 586 4126 1295 4231">
    <p class='ocr_par' dir='ltr' id='par_1_5' title="bbox 586 4126 1295 4231">
     <span class='ocr_line' id='line_1_43' title="bbox 586 4126 1295 4231; baseline -0.017 -18"><span class='ocrx_word' id='word_1_347' title='bbox 586 4178 633 4194; x_wconf 86' lang='lat'><strong>—-</strong></span> <span class='ocrx_word' id='word_1_348' title='bbox 670 4137 716 4211; x_wconf 91' lang='lat' dir='ltr'><strong>Id</strong></span> <span class='ocrx_word' id='word_1_349' title='bbox 742 4139 889 4214; x_wconf 70' lang='lat' dir='ltr'><strong>necesse</strong></span> <span class='ocrx_word' id='word_1_350' title='bbox 916 4161 998 4212; x_wconf 88' lang='lat' dir='ltr'><strong>esse</strong></span> <span class='ocrx_word' id='word_1_351' title='bbox 1022 4140 1213 4231; x_wconf 75' lang='lat' dir='ltr'><strong>respondet</strong></span> <span class='ocrx_word' id='word_1_352' title='bbox 1237 4126 1295 4202; x_wconf 75' lang='lat' dir='ltr'><strong>edi·</strong></span> 
     </span>
    </p>
   </div>
   <div class='ocr_carea' id='block_1_6' title="bbox 0 0 1390 4968">
    <p class='ocr_par' dir='ltr' id='par_1_6' title="bbox 0 0 1390 4968">
     <span class='ocr_line' id='line_1_44' title="bbox 0 0 1390 4968; baseline 0 0"><span class='ocrx_word' id='word_1_353' title='bbox 0 0 1390 4968; x_wconf 95' lang='lat' dir='ltr'><strong> </strong></span> 
     </span>
    </p>
   </div>
  </div>
 </body>
</html>
