2774 4972
264 348 345 426 170

266 525 345 596 eius
368 523 521 595 iudicari
545 531 682 615 potest,
720 524 804 595 licet
835 545 908 596 non
934 523 1048 615 ipsius
1071 521 1214 596 Horatii
1235 521 1288 609 sit,

265 627 396 721 qnippe
422 627 483 718 qui
508 647 650 717 semper
681 647 849 698 severum
874 648 916 698 se
939 627 1114 716 praebeat
1135 631 1291 695 veterum

263 727 454 821 politorum
485 728 658 814 iudicem,
698 735 818 798 tamen
849 729 1038 820 vulgarem
1073 750 1153 798 earu
1183 727 1291 798 lousa

265 853 313 902 ex
344 830 474 900 iisdem
500 831 630 900 verbis¹
652 838 812 920 apparet.
863 829 1100 908 auretium
1124 829 1291 900 Horatius

263 933 343 1023 ipse
374 954 438 1016 eo,
478 932 576 1022 quod
607 930 803 1002 Afranium
833 954 914 1002 nno·
940 932 1065 1003 ordine
1090 933 1192 1024 ponit
1218 952 1291 1000 cum

263 1033 425 1119 Naevio,
458 1029 644 1118 Pacuvio,
677 1032 799 1120 Attio,
831 1030 985 1120 Plauto,
1019 1030 1199 1120 Caecilio,
1225 1031 1290 1102 Te·

263 1136 401 1220 rentio,
445 1135 653 1205 clarissimis
690 1136 896 1206 fabularum
934 1135 1186 1226 scriptoribus,
1227 1155 1291 1204 non

263 1237 410 1308 minimo
457 1259 539 1306 eum
585 1235 725 1306 honore
771 1239 950 1329 dignatur.
1014 1235 1214 1307 Praeterea
1251 1257 1292 1308 cx

262 1338 386 1409 Flacci
424 1339 590 1408 versibus
630 1344 745 1428 patet,
795 1341 904 1408 etiam
943 1339 1136 1430 Augustae
1183 1345 1291 1410 aetate

263 1440 410 1510 Afranii
427 1447 569 1532 togatas
584 1440 747 1510 studiose
759 1441 872 1512 lectas
896 1440 1177 1532 saepissimeque
1200 1448 1292 1510 actas

265 1565 367 1628 esse,
396 1550 431 1611 et
456 1543 653 1610 maximum
680 1564 743 1632 eas
768 1544 806 1612 in
827 1544 967 1614 theatro
988 1543 1153 1633 plausum
1178 1564 1292 1632 repor-

264 1644 409 1714 tavisse.
461 1643 538 1714 Sed
565 1667 610 1714 en
634 1645 749 1734 ipsius
773 1645 906 1736 poetae
929 1642 1107 1714 Venusini
1131 1639 1292 1714 iudicium

262 1744 378 1837 Epist.
404 1744 435 1815 Ι.
465 1746 498 1816 1.
527 1743 574 1816 53
601 1767 694 1839 sqq:

313 1877 501 1968 „Naevius
517 1881 553 1948 in
568 1881 733 1950 manibus
743 1903 823 1950 non
838 1887 909 1964 est,
932 1888 968 1950 et
983 1880 1161 1952 mentibus
1177 1881 1293 1950 haeret

313 1980 438 2053 Paene
471 2005 617 2071 recens3
657 1984 748 2052 adeo
782 1989 944 2054 sanctum
978 1992 1033 2052 est
1064 1992 1170 2053 vetus
1197 2003 1293 2052 omne

869 2083 1011 2174 podma.

312 2184 522 2276 Ambigitur
545 2186 704 2276 quoties,
732 2191 812 2256 uter
832 2195 913 2256 utro
938 2187 985 2255 sit
1005 2186 1120 2276 prior:
1159 2186 1273 2255 aufert
1362 2182 1370 2206 “

313 2284 499 2358 Pacuvius
525 2288 622 2356 docti
645 2288 782 2358 famam
807 2290 922 2373 senis,
955 2287 1079 2358 Attius
1106 2288 1181 2357 alti.

313 2387 458 2460 Dicitur
484 2388 615 2458 Afrani
643 2395 730 2480 toga
755 2391 968 2460 convenisse
995 2387 1216 2478 Menandr03

312 2488 467 2561 Plautus
506 2492 552 2560 ad
593 2493 779 2582 exemplar
817 2491 933 2562 Siculi
977 2512 1175 2582 properare
1216 2489 1291 2580 Epi·

549 2599 551 2606 '
869 2594 1024 2682 charmi3

311 2692 469 2764 Vincere
495 2691 676 2765 Caecilius
703 2695 903 2786 gravitate,
939 2694 1133 2765 Terentius
1162 2701 1247 2766 arte.

313 2795 394 2866 Hos
421 2796 566 2882 ediscit,
602 2797 729 2867 ethos
756 2803 835 2868 arto
862 2799 994 2888 stipata
1019 2797 1161 2867 theatro

313 2896 463 2988 Spectat
486 2895 607 2967 Roma
638 2906 785 2990 potens3
824 2898 934 2969 habet
965 2899 1033 2969 hos
1065 2905 1292 2990 numeratque

868 3000 999 3094 politas

312 3099 375 3170 Ad
399 3105 561 3170 nostrum
587 3108 727 3192 tempus
751 3101 837 3172 Livi
862 3104 1046 3194 scriptoris
1072 3102 1118 3172 ab
1146 3123 1248 3170 aevo.

311 3201 499 3272 Interdum
519 3203 651 3295 vulgus
672 3209 810 3274 rectum
831 3205 951 3294 videt,
980 3213 1053 3291 est,
1079 3204 1141 3274 ubi
1163 3206 1290 3295 peccat.

312 3302 356 3373 si
380 3315 524 3374 veteres
548 3305 599 3374 ita
624 3307 775 3376 miratur
798 3307 991 3398 laudatque
1016 3305 1156 3397 poetas,

311 3406 361 3477 Ut
386 3405 475 3474 nihil
501 3408 697 3492 nutrierat,
723 3408 814 3477 nihil
839 3411 910 3481 illis
936 3415 1138 3500 comparet,
1167 3411 1268 3476 errat.

312 3506 354 3578 si
380 3509 558 3600 quaedam
583 3509 689 3580 nimis
715 3511 878 3602 antique,
912 3511 943 3582 si
968 3512 1140 3603 pleraque
1167 3509 1252 3578 dure

310 3607 445 3680 Dicere
471 3610 565 3680 cedit
591 3633 673 3698 eos,
699 3611 832 3704 ignave
858 3615 970 3684 multa
995 3611 1173 3700 fatetur,

311 3709 360 3780 Et
375 3712 481 3802 sapit,
508 3719 545 3782 et
558 3735 700 3784 mecum
713 3715 814 3802 facit,
833 3723 869 3784 et
882 3713 980 3785 Jove
996 3715 1131 3784 iudicat
1146 3710 1289 3801 aequo.“

262 3843 470 3916 Serioribus
502 3869 645 3940 quoque
671 3851 893 3940 temporibus
918 3850 1064 3921 Afranii
1090 3855 1228 3941 togatas
1256 3841 1288 3908 io

261 3967 431 4017 scaenam
456 3948 632 4036 inductas,
660 3973 742 4022 esse
767 3955 869 4024 testis
897 3960 951 4022 est
965 3951 1159 4023 Suetonius
1180 3945 1286 4018 Tran-

262 4049 393 4139 quillus
417 4048 554 4122 Neron.
569 4051 639 4122 XI.
691 4053 897 4145 Appuleius
913 4054 1071 4145 Apolog.
1088 4053 1163 4124 tro
1187 4046 1285 4120 Afra·
1324 4046 1333 4078 ⁹
1358 4113 1365 4137 ,

262 4149 361 4222 nium
387 4153 597 4243 scriptorem
624 4156 826 4247 elegantem
852 4156 1027 4250 appellat3
1052 4172 1215 4246 magnum
1233 4167 1295 4234 ⁶9·-
