2772 4968
164 257 182 274 .
261 323 320 400 oo

312 545 361 558 —-
392 502 547 593 Fateor;
585 504 652 576 sed
683 505 795 598 sadpc
826 508 967 602 ignovit
997 510 1130 584 fdrtcm
1169 511 1204 582 iu
1236 536 1292 607 spe

799 613 1061 702 exspectatio.“

260 710 367 768 Badera
387 709 521 788 leguntur
541 726 569 786 p.
585 714 645 768 1²6
659 708 704 767 od.
721 709 810 769 Merc.
852 712 885 770 in
906 713 969 772 cod.
986 715 1104 794 Guclpir.
1125 714 1218 793 priore
1237 715 1293 776 loco

260 796 330 854 haec
345 793 417 851 Attii
438 791 597 851 verbanno
619 792 682 851 ioco
704 800 781 853 nota
801 803 867 854 sont
887 805 916 856 et
938 798 966 856 in
989 799 1172 878 sequentibus
1192 799 1293 860 Afranii

260 878 355 940 versui
384 883 495 947 assuta,
528 876 556 934 in
583 876 647 935 edd.
675 877 746 936 Van.
775 880 843 939 Par.
870 882 934 940 did.
962 882 1030 943 Bas.
1059 892 1167 944 tantum
1189 885 1293 945 verbum

260 965 402 1022 Fateor.
445 961 610 1020 Posteriore
631 962 694 1020 loco
716 963 779 1022 cod.
800 965 919 1045 Gnelpir.
942 966 1014 1027 Ven.
1036 968 1058 1028 Ι.
1080 969 1117 1027 ΙΙ.
1150 969 1218 1029 Par.
1236 970 1293 1028 Ald.

260 1047 413 1130 igncdat
433 1065 483 1124 pro
505 1046 656 1127 ignovit.
700 1048 767 1106 Jun.
790 1052 875 1109 senei
898 1059 1004 1110 tanturn
1026 1054 1098 1112 hacc
1117 1053 1211 1113 habet.
1243 1053 1292 1112 Bo·

260 1134 335 1193 tbins
356 1129 531 1191 scribendum
553 1137 633 1210 putat
654 1131 783 1192 fortem
804 1154 899 1214 spem
921 1138 1165 1217 exspectatio.
1219 1138 1293 1198 For·
1370 1165 1371 1170 ¹

258 1220 311 1278 tis
330 1219 365 1276 in
387 1236 448 1295 spe
469 1223 527 1287 cst,
554 1216 602 1293 qui
624 1217 698 1276 hand
719 1216 803 1277 facile
824 1240 900 1298 spen
923 1241 1002 1280 auara
1024 1223 1143 1294 descrit,
1172 1223 1218 1300 qui
1239 1221 1294 1302 spei

260 1303 342 1363 nimis
363 1301 502 1380 indulget.
556 1302 614 1380 Spe
635 1300 752 1373 fretum,
780 1303 885 1381 inquit,
914 1325 1000 1386 saepe
1021 1308 1198 1386 exspectatio
1220 1308 1293 1390 igaa-

259 1409 322 1450 vum
351 1386 482 1446 reddidit.
534 1385 614 1444 Haec
634 1386 766 1446 videntur
786 1388 868 1448 Decii
889 1409 954 1451 esso
974 1391 1077 1464 verba,
1104 1390 1293 1472 respondentis

260 1472 360 1545 alicui,
394 1469 517 1529 fortasse
543 1470 632 1530 Fabio
659 1472 804 1553 collegae,
835 1474 883 1553 qni
905 1475 960 1556 ipsi
980 1477 1077 1538 nescio
1099 1477 1167 1556 quid
1187 1497 1293 1558 speron-

260 1558 324 1617 dun
346 1555 622 1634 exspectandunque
643 1557 774 1617 suaserit.

751 1691 811 1751 vd.

343 1807 453 1869 Nonius
474 1829 501 1888 p.
515 1813 576 1868 174
593 1808 638 1867 ed.
653 1809 754 1869 Merca
777 1811 978 1894 „Sogaitas
1000 1833 1052 1894 pro
1073 1814 1210 1895 segnitia.
1247 1814 1292 1874 dt·

259 1896 316 1956 tius
337 1895 365 1955 in
388 1893 529 1952 Aeneadis
551 1901 600 1951 out
621 1893 725 1953 Decio:

309 1981 358 2052 Et
382 1982 495 2065 ndnc,
523 2001 616 2070 quae
642 2002 768 2049 eornm
793 1981 970 2074 cognitas,
1005 1984 1109 2054 ardet
1127 1985 1271 2054 focus.“

259 2103 359 2162 quoe.
410 2081 502 2160 Vulgo
533 2080 634 2158 quad.
687 2081 821 2140 Correxit
852 2083 1000 2144 Fruterius
1026 2084 1177 2144 Verisimii.
1208 2084 1241 2143 ΙΙ.
1267 2087 1290 2144 5.

259 2169 326 2226 Jun.
348 2168 396 2226 Eo
418 2185 509 2226 nunc
530 2165 620 2244 qnod
641 2185 761 2224 eorum
782 2169 969 2248 segnitatc
991 2168 1057 2228 af.
1086 2169 1212 2248 Lipsius,
1232 2188 1290 2249 pro·

259 2253 344 2313 hante
360 2251 473 2311 Delrio:
496 2251 540 2308 Et
561 2269 664 2324 nunc,
687 2270 775 2329 quae
797 2271 916 2311 eorum
938 2254 1115 2335 segnitas,
1137 2275 1166 2314 n.
1187 2256 1290 2314 iocus

742 2386 815 2447 vlu.

342 2503 450 2563 Nonius
471 2525 499 2583 p.
516 2507 574 2564 186
597 2503 640 2561 ed.
662 2504 765 2562 Merc.:
798 2504 1064 2579 ,‚Verruncent,
1097 2507 1207 2582 idest,
1236 2525 1290 2566 ver·

260 2596 331 2650 tant.
375 2589 470 2648 Attius
491 2588 520 2646 in
540 2587 683 2646 Aeneadis
705 2596 755 2646 aut
775 2589 882 2648 Decio:

310 2675 368 2746 'l'e
390 2679 512 2745 stacte
533 2696 712 2742 venerans
733 2675 918 2764 precibus,
943 2675 1094 2762 invicte,
1122 2674 1260 2761 invoco,

307 2775 483 2847 Portenta
508 2782 547 2844 ut
572 2777 718 2865 populo,
744 2777 881 2866 pttriae
906 2779 1119 2876 verruncent
1140 2778 1268 2847 bene.“

258 2896 447 2939 venerans.
490 2875 553 2933 ΑΜ.
580 2876 647 2934 Bas.
674 2876 772 2955 Steph.
800 2877 866 2935 dun.
894 2897 1032 2936 verane.
1080 2878 1152 2937 Edd.
1176 2879 1290 2937 Venet

258 2964 326 3021 Par.
350 2982 406 3019 non
427 2960 531 3019 habent
552 2961 725 3019 vocabulum.
746 2995 789 3006 -
810 2963 994 3021 Portenta.
1022 2963 1094 3022 Ven.
1116 2965 1138 3022 Ι.
1162 2964 1198 3022 ΙΙ.
1220 2981 1288 3041 por·
1365 3006 1373 3075 p

259 3052 400 3106 tentam.
448 3045 516 3103 Par.
538 3051 712 3124 portecta.
736 3077 777 3090 -
806 3052 853 3104 nt.
881 3047 949 3106 Par.
971 3054 1045 3105 aut.
1076 3081 1118 3092 —
1149 3047 1287 3126 populo,
1367 3063 1373 3110 .j

259 3131 411 3210 patriae.
449 3129 527 3187 Deir.
556 3131 700 3208 popolo,
729 3130 859 3208 patrio.
886 3165 929 3178 -
960 3140 1185 3192 verruncent.
1228 3130 1286 3212 did.
1372 3131 1373 3158 ¹

259 3217 430 3275 dunMerc.
459 3222 687 3274 verruncent.
718 3215 785 3274 Bas.
807 3224 1015 3276 vernncaat.
1046 3217 1142 3296 Stepir.
1170 3235 1287 3278 vernn·

259 3308 348 3360 cent.
391 3298 523 3379 Scaliger
549 3300 585 3357 ad
609 3298 687 3357 Vnrr.
715 3299 751 3358 de
771 3299 807 3357 L.
830 3299 865 3358 1..
887 3300 933 3358 W.
957 3322 983 3378 p.
995 3308 1034 3362 41
1059 3302 1103 3360 cd.
1125 3301 1188 3380 Bip.
1219 3319 1286 3360 ver·

258 3403 395 3445 runces.
418 3415 460 3428 -
481 3385 570 3442 Recte
590 3384 709 3442 Bothius
730 3385 942 3457 contradicta,
965 3386 1102 3457 Scrivcr.,
1125 3386 1207 3444 Voss.
1224 3386 1287 3461 ury-

258 3470 322 3529 moi.
344 3490 370 3529 v.
392 3468 655 3539 Averruucarc‚
684 3469 917 3550 interpungentes
939 3471 1006 3541 Te,
1028 3477 1169 3541 sancte,
1192 3487 1286 3530 vene·

257 3575 358 3625 rans,
391 3560 500 3622 monet‚
518 3560 657 3612 -sancto
686 3553 732 3612 tric
759 3573 822 3612 esse
842 3554 1012 3614 adverbium.
1056 3549 1287 3615 invictusdici
1371 3579 1372 3628 t

256 3640 368 3700 videtur
393 3637 518 3716 luppiter
545 3637 652 3696 Victor.
701 3638 746 3695 Ad
779 3638 945 3717 explicanda
977 3646 1147 3718 portenta
1172 3637 1285 3699 Bothios

257 3722 407 3802 exscripsit
427 3721 503 3782 Livii
524 3722 614 3780 iocum
641 3721 714 3780 flist.
736 3722 773 3781 X.
797 3731 851 3783 28:
881 3724 1009 3796 „lterum
1036 3724 1149 3804 longius
1177 3727 1285 3784 evectos

257 3805 427 3889 (Romanos)
450 3811 480 3865 et
500 3805 554 3865 iam
576 3805 650 3865 inter
670 3807 761 3866 media
783 3807 904 3885 equitum
926 3809 1039 3888 agmina
1059 3809 1192 3886 proelium
1213 3807 1284 3865 cien-

256 3901 300 3952 tes
322 3913 423 3953 novum
444 3911 557 3972 pugnae
584 3891 740 3950 conterruit
760 3912 867 3973 genus:
901 3893 1009 3953 essedis
1030 3893 1172 3971 carrisque
1192 3909 1283 3970 snper·

256 3984 334 4036 stans
362 3983 484 4036 armatus
511 3975 600 4034 hostis
626 3975 736 4056 ingenti
764 3977 858 4035 sonitu
886 3997 1019 4056 equorum
1039 3985 1218 4054 rotarumque
1238 3973 1283 4034 cd-

255 4063 347 4132 venit‚
370 4069 399 4120 ct
419 4061 549 4120 insolitos
571 4059 631 4119 eins
653 4061 784 4119 warnitus
806 4063 994 4123 Romanorum
1009 4062 1170 4130 ,conterruit
1190 4077 1281 4138 equos.

255 4147 299 4205 lta
319 4147 454 4206 victorem
475 4146 628 4225 equitatum
649 4145 726 4205 volut
747 4145 930 4224 lymphaticus
951 4146 1187 4227 pavordissipat3
1214 4150 1281 4204 aar·
