2774 4972
1095 375 1179 456 207
1211 439 1214 450 .

129 553 279 616 hmani
308 549 539 633 erpiwititair.
557 551 698 625 Ursinus,
725 551 853 612 scribans
874 561 983 625 naen,
1010 551 1096 632 idque
1117 573 1179 614 ean

130 639 296 720 &aligera
317 639 553 709 succrotilla,
576 657 661 716 quun
682 635 854 718 superfuerit
875 637 966 698 tiiia.
988 637 1071 697 Both.
1087 639 1179 718 suspi-

131 731 216 784 catur
245 724 437 803 Loquebnt
464 723 699 794 succrotilla,
728 743 826 802 quun,
854 723 928 801 quod
955 723 1036 783 ran.
1058 724 1179 784 Ursinus

131 809 229 880 offert,
252 815 343 869 noun
365 827 422 867 noa
445 808 609 868 conveniat.¹
647 809 707 867 Sed
728 807 765 868 ci.
788 807 892 867 Titinii
914 809 1027 868 incerti.
1045 808 1082 867 X.

595 957 602 980 ¹
616 959 697 1018 ΧΙΧ.

220 1075 324 1135 Festus
351 1097 379 1137 v.
412 1075 527 1154 Tyria
553 1077 681 1151 maria,
717 1077 832 1158 Fragor.
869 1083 955 1156 ΜΘ
984 1077 1028 1137 ed.
1056 1078 1177 1139 Bacca:

131 1161 275 1239 „Tyria
308 1162 420 1220 snaria
453 1163 481 1219 in
510 1161 687 1241 proverbium
719 1162 866 1222 deductum
900 1169 959 1233 est,
988 1165 1062 1242 quod
1094 1166 1178 1244 Tyro

135 1245 250 1306 ouandi
277 1245 368 1304 Poeni
391 1245 462 1304 odeo
484 1253 615 1326 potentes
642 1247 727 1306 naris
748 1246 880 1316 fuerunt,
903 1253 939 1314 ut,
957 1249 1083 1308 omnibus
1106 1269 1179 1308 rnor-

131 1318 239 1421 t'uiiius
261 1329 407 1412 navigatio
430 1338 507 1389 esset
527 1331 696 1412 periculosa.
739 1331 873 1390 Afranius
895 1330 923 1388 in
945 1333 1087 1412 Epistula:

197 1411 298 1474 Hune
319 1413 474 1474 serrium
497 1423 613 1475 auten
635 1415 745 1476 maria
766 1415 882 1494 Tyria
904 1417 1079 1476 conciet.“

130 1497 231 1560 Locus
245 1507 291 1558 est
306 1499 486 1582 depravatus.
514 1502 613 1580 Staph.
636 1501 735 1560 iluna
756 1519 894 1561 servum
917 1508 1034 1562 autem
1055 1503 1179 1562 mllio.

129 1583 248 1666 llips'ius
281 1581 427 1666 iipistoiia.
458 1581 568 1664 quaest
592 1585 641 1651 iii.
671 1593 711 1647 20
740 1585 840 1645 Hunc
874 1583 1033 1646 ferreum
1063 1589 1180 1647 autem

132 1685 172 1730 ut.
192 1669 235 1728 T.
257 1689 298 1741 c.;
321 1671 396 1750 quad
417 1667 622 1749 intorpretatur
642 1671 716 1730 hunc
738 1671 874 1730 hominem
897 1690 1024 1749 asperum
1048 1679 1078 1731 at
1098 1673 1180 1754 tangi

132 1753 323 1836 periculosum
350 1761 382 1813 ut
409 1754 499 1815 maria
517 1755 623 1834 Tyria.
666 1753 823 1827 vacarius,
856 1755 982 1834 Lipsium
1009 1755 1180 1839 improbans,

131 1839 286 1920 'legendum
307 1847 404 1918 putat:
436 1833 505 1899 iiic
535 1859 664 1901 servus
697 1839 806 1899 naria
827 1837 867 1898 'lt
891 1860 930 1912 c.;
963 1840 1038 1922 quod
1064 1842 1102 1900 sit
1123 1841 1181 1902 iric

133 1943 265 1984 servus
287 1923 359 1982 sibi
382 1923 525 1984 excitat
543 1925 656 1984 maria
677 1925 801 2002 Tyria,
822 1944 894 1984 rem
915 1925 1021 1985 vaide
1042 1926 1180 2005 pericu·

130 2009 246 2067 insen
272 2007 508 2090 aggreditur3
539 2009 598 2068 rei:
631 2007 697 2067 iiic
725 2009 854 2088 Syrius
881 2010 991 2070 maria
1021 2009 1062 2071 Τ.
1085 2031 1121 2083 c,
1148 2018 1181 2071 ut

134 2092 317 2173 panudium
338 2093 374 2153 da
396 2112 430 2152 eo
451 2091 504 2164 sit,
526 2093 573 2172 qui
595 2093 797 2176 congrediatur
818 2113 879 2154 cunr
901 2095 1077 2174 potentiore,
1105 2097 1181 2175 quod

137 2177 206 2256 Syri
232 2177 300 2238 oiirn
327 2177 453 2238 inbriies
484 2175 634 2237 audierint.
677 2175 796 2238 Bothius
817 2177 946 2239 coniicit:
973 2179 1071 2240 lianc
1099 2183 1179 2240 Ser·
1306 2193 1309 2204 '

130 2263 227 2324 vium
249 2269 364 2324 autem
387 2271 451 2332 etc,
474 2263 536 2324 vei:
559 2263 658 2322 iluna
679 2263 859 2324 servuinrn
881 2271 936 2324 eto.
978 2263 1048 2324 Mihi
1069 2265 1180 2345 quidem

119 2345 247 2407 *hidam
269 2368 326 2406 non
348 2355 401 2419 est,
423 2345 490 2428 quin
512 2349 583 2407 haec
604 2349 754 2428 protulerit
774 2347 923 2409 Afranius:

185 2447 295 2519 Hunc
320 2448 453 2520 serium
480 2456 620 2538 autem,
647 2441 767 2542 Ty'ria
791 2451 918 2538 maria,
945 2443 1097 2524 cdnciet.

131 2567 277 2637 Serius,
300 2567 375 2645 quod
395 2568 561 2628 voeabutu-
583 2568 683 2628 nerito
706 2568 848 2628 deducunt
869 2588 887 2628 s
907 2589 959 2644 so,
983 2569 1011 2628 id
1033 2578 1086 2643 est,
1107 2569 1179 2643 sina,

132 2659 166 2710 et
185 2650 277 2722 risu,
300 2651 324 2710 is
345 2659 399 2726 est,
422 2672 539 2731 quocun
561 2653 648 2712 iocari
670 2672 727 2712 non
749 2653 824 2712 licet.
862 2652 908 2714 tif.
928 2654 1060 2736 Privigni
1074 2653 1179 2738 fragm.

133 2735 183 2796 lv.
206 2735 323 2816 Tyria
349 2738 460 2796 muris
486 2745 581 2797 autern
602 2737 778 2798 scribendum
801 2759 883 2812 esse,
916 2759 972 2798 non
1005 2747 1112 2800 tantun
1141 2761 1179 2801 ex

131 2819 197 2902 ipo
219 2822 307 2882 Festa
329 2828 416 2900 patet,
439 2822 490 2882 sed
512 2825 595 2882 etiam
618 2822 693 2898 inde,
715 2823 789 2901 quod
810 2824 904 2903 potior
925 2824 1003 2886 notio
1018 2825 1048 2886 ia
1063 2823 1181 2904 'l'yria

135 2913 198 2977 est,
226 2927 282 2964 non
304 2905 334 2963 in
357 2907 475 2965 maria.
519 2908 670 2967 Sententia
690 2907 840 2967 manifesta
862 2915 921 2968 est:
950 2909 1031 2970 iluna
1051 2929 1180 2972 severusc
1282 2983 1286 2994 ,

135 2999 223 3070 atque
242 2995 397 3063 austeram,
422 2991 503 3070 quasi
524 2991 618 3071 '1'yria
638 2991 735 3066 maria
757 2993 919 3065 concitabit,
940 2994 1002 3056 sive
1022 2995 1153 3057 irritabit.

223 3260 302 3320 Haec
332 3258 429 3319 sabula
449 3261 532 3320 modo
554 3261 723 3342 Epistula
744 3263 860 3336 dicitur,
891 3266 974 3324 nodo
996 3265 1179 3347 Epistola.

137 3344 211 3406 iilud
241 3343 396 3426 genuinum
425 3365 489 3410 esse
518 3347 642 3404 arbitror
673 3347 753 3420 ideo,
793 3349 867 3427 quod
893 3347 1006 3410 facilius
1038 3351 1183 3430 antiquior

134 3429 229 3490 forna
249 3429 372 3490 nassae
393 3431 486 3510 potuit
504 3431 535 3492 is
558 3431 758 3504 mentiamur,
790 3453 871 3512 quan
892 3434 1035 3494 recentior
1049 3436 1084 3520 'ia
1106 3435 1179 3496 anti·

134 3515 273 3594 quierem.
315 3516 402 3574 Errat
428 3525 520 3576 autem
547 3517 635 3576 Hadr.
657 3517 758 3576 iunius
779 3519 895 3579 Eieoch.
917 3527 1025 3580 auctu.
1047 3519 1083 3580 ad
1104 3521 1179 3581 Non.

133 3621 164 3680 p.
183 3607 217 3671 4,
239 3617 322 3678 quun
344 3597 490 3660 Afranium
518 3601 662 3680 Epistulas
689 3601 837 3681 scripsisse
863 3603 1000 3684 perhibet.
1042 3606 1180 3670 EGroo-

135 3704 233 3744 corun
261 3685 354 3764 poetis
380 3686 520 3744 scaenicis
535 3681 764 3765 Ἐπιστολὴν
784 3688 919 3748 docuerat
938 3690 1054 3764 Mucio,
1083 3711 1099 3750 e
1121 3690 1180 3750 iio-

135 3770 227 3828 raauis
255 3769 452 3848 Epistoiarn
482 3770 632 3830 Caecilius.
676 3771 823 3851 Quumque
845 3773 929 3834 etiam
950 3774 1086 3834 dsotus
1107 3777 1180 3835 Cae-

136 3853 196 3913 cilii
217 3861 456 3925 commemoretur,
479 3855 676 3934 suspicabatur
697 3856 744 3916 io.
763 3857 873 3918 Veient.
890 3857 1057 3930 Francicus,
1076 3867 1179 3919 utram·

6 3951 7 3956 ’
137 3955 194 4018 que
216 3939 332 3998 οιιιάοιιι
352 3937 442 3998 inisse
457 3925 595 4014 ''iabaiam
618 3961 656 4000 ex
678 3941 823 4022 Euthyelis
839 3938 1020 4015 Ἀσώτοις
1039 3938 1059 4022 ἢ
1077 3939 1180 4003 ’Enr-

6 4083 7 4088 ,
135 4022 256 4103 στολῇ
282 4041 458 4105 expressam,
490 4025 606 4104 eiusque
633 4036 829 4110 argumentans
861 4028 951 4089 simile
977 4027 1066 4088 fonsa
1093 4049 1179 4112 argu·

133 4114 231 4166 nanto
251 4107 441 4170 Menandreae
463 4113 640 4183 caracellae,
665 4109 888 4197 Θησαυροῦ,
910 4133 929 4172 a
948 4113 1055 4174 Luscio
1074 4113 1179 4176 Latine

129 4191 280 4264 redditae,
312 4193 391 4252 cuius
411 4193 536 4256 latinae
557 4215 690 4258 summan
711 4197 842 4259 Donatus
863 4206 979 4260 uarat
997 4197 1035 4259 sd
1056 4199 1178 4260 'iacnt
