2772 4968
299 515 515 586 concludere
539 515 665 604 liceat,
701 510 902 585 Caecilium
927 537 1009 585 cum
1032 513 1182 586 Trabea
1205 520 1238 583 et
1259 513 1312 584 ut·

300 618 376 687 tilio
410 617 647 707 antiquiorem
672 617 786 687 fuisse
818 640 892 689 nou
920 619 1038 688 solum
1064 639 1171 708 quam
1195 613 1313 686 Teren·

299 719 405 805 tium,
430 720 511 792 ,sed
546 719 653 787 etiam
684 741 791 809 quam
824 718 1011 791 Titinium.
1070 718 1194 810 Neque
1224 717 1314 810 igitur

298 820 449 890 multum
475 841 596 889 errare
622 821 842 907 videbimur,
879 821 912 892 si
936 820 1113 890 Titinium
1138 825 1217 910 post
1239 816 1314 888 an-

299 921 421 991 cilium
448 928 484 990 et
508 929 591 990 antc
618 921 831 991 Terentium
856 923 1024 992 ssoruhse
1050 924 1219 992 dicemus,
1261 919 1314 988 At-

276 1023 361 1114 'qui
393 1025 438 1092 de
466 1019 626 1094 Caecilio
659 1023 903 1115 Hieronymus
935 1024 1060 1095 scribit
1091 1025 1128 1092 in
1155 1021 1314 1092 Chronico

298 1121 523 1194 Eusebiano:
564 1121 823 1216 „Olympiadis
856 1123 935 1195 01..
973 1149 1066 1194 anno
1093 1122 1146 1194 II.
1181 1125 1233 1213 (id
1262 1128 1314 1208 eal,

299 1247 394 1294 anno
409 1225 453 1327 U.
470 1223 513 1295 C.
528 1223 727 1298 DLXXV.
749 1229 828 1297 sive
844 1234 927 1296 ante
941 1224 1027 1297 Ghr.
1043 1249 1077 1296 ιι.
1100 1222 1314 1317 cuxxlx.)

298 1325 437 1398 Statius
464 1324 663 1414 Caecilius,
704 1330 970 1399 comoediarum
1002 1329 1173 1419 scriptor,
1215 1328 1315 1397 clarus

297 1427 502 1516 habetur;“
542 1451 584 1498 ac
611 1427 824 1516 Terentius,
866 1430 926 1521 qui
960 1432 997 1499 in
1029 1431 1108 1520 ipso
1140 1431 1230 1499 llore
1261 1447 1315 1496 suo

296 1537 459 1598 mortuus
486 1537 541 1598 est
566 1551 660 1599 arrno
687 1533 732 1603 U.
760 1530 802 1602 G.
830 1530 1007 1602 uxcvl.
1033 1532 1112 1602 sive
1138 1541 1219 1600 ante
1244 1525 1315 1598 ch.

296 1653 332 1700 u.
367 1627 562 1717 CLVIII,
602 1631 770 1702 floruisse
802 1633 872 1703 dici
904 1634 1037 1724 poterit
1075 1634 1172 1702 cirea
1203 1647 1316 1700 aunam

232 1805 261 1817 ..
296 1728 474 1802 Dxclv.
508 1733 552 1803 U.
586 1729 631 1801 0.
666 1735 745 1803 sive
780 1743 863 1804 ante
896 1733 982 1806 Chr.
1016 1757 1050 1804 n.
1083 1730 1198 1804 CLX.
1246 1731 1315 1802 viu.

298 1827 386 1904 Ger.
410 1831 471 1903 Jo.
492 1830 647 1904 Vossius
674 1836 720 1905 dc
745 1833 872 1907 Poetis
898 1836 982 1906 Lat.
1009 1835 1041 1906 I.
1068 1836 1145 1927 μθ
1166 1858 1216 1927 sq.
1256 1833 1315 1903 lta·

295 1954 366 2025 que
400 1931 559 2005 Titinius
590 1938 752 2007 floruerit
784 1941 879 2009 circa
913 1961 1045 2008 annum
1077 1930 1314 2007 DLXXXIV.

296 2034 340 2104 U.
369 2031 411 2105 G.
438 2036 517 2105 sive
544 2047 627 2106 ante
653 2037 739 2109 Chr.
765 2063 800 2111 n.
825 2039 1001 2126 chx„
1033 2046 1074 2108 ut
1098 2061 1166 2130 per
1190 2033 1316 2130 aliquod

288 2143 436 2226 tempus
470 2138 577 2207 etiam
610 2141 815 2235 utriusque,
856 2150 892 2212 et
918 2140 1069 2212 Caecilii
1094 2147 1132 2210 et
1158 2137 1314 2238 Terentii,

295 2238 458 2330 aequalis
482 2240 605 2310 fuerit.

395 2369 453 2441 De
479 2373 560 2444 loco
587 2397 694 2468 porro
703 2426 714 2463 ,
747 2377 811 2447 ubi
835 2377 993 2448 Titinius
1019 2376 1130 2470 poiita
1155 2384 1257 2447 natus
1279 2372 1315 2442 sit

295 2479 332 2542 et
370 2473 520 2561 vixerit,
560 2499 633 2546 non
672 2480 787 2570 magis
827 2482 1019 2574 quidquam
1061 2479 1229 2549 traditum
1262 2481 1314 2544 est.

294 2572 370 2644 Sed
397 2598 444 2644 ex
470 2576 540 2646 hoc
570 2580 649 2668 ipso
682 2581 822 2649 silentio
848 2583 1006 2652 fortasse
1039 2582 1212 2674 colligere
1234 2578 1315 2658 licet,

295 2697 377 2745 eum
408 2677 446 2745 in
478 2680 557 2768 ipsa
589 2681 679 2751 urbe
717 2690 841 2752 natum
875 2707 956 2754 esse
996 2690 1102 2776 atque
1135 2683 1313 2752 habitasse.

294 2773 372 2862 Ui,
406 2799 498 2869 quae
525 2781 637 2869 inibo,
673 2783 737 2852 ubi
762 2785 807 2853 de
832 2785 988 2856 Afranio
1015 2785 1176 2878 agimuS,
1216 2805 1256 2852 ea
1278 2779 1315 2847 de

150 2888 155 2899 “
292 2899 333 2945 re
359 2889 598 2968 exponuntur.

394 3010 515 3090 Quem
547 3017 667 3090 locum
699 3041 809 3111 supra
845 3045 892 3092 ex
924 3021 1063 3092 Sereno
1098 3017 1314 3092 Sammonico

293 3112 493 3203 attulimus,
531 3139 578 3188 cx
604 3143 647 3189 eo
675 3129 846 3212 apparet,
880 3123 1056 3194 Titinium
1082 3119 1314 3214 composuisse

290 3213 436 3286 fabulas
467 3227 631 3310 togatas,
665 3224 761 3292 idem
786 3224 896 3316 liquet
928 3247 975 3295 cx
999 3225 1213 3316 fragmentis
1237 3221 1314 3302 eius,

292 3313 416 3402 simul,
457 3342 519 3390 eas
550 3323 667 3392 fuisse
692 3332 853 3415 togatas,
885 3349 977 3417 quae
1002 3326 1144 3418 proprie
1171 3325 1239 3394 hoc
1261 3341 1313 3408 oo·

192 3440 200 3451 ·
291 3415 388 3487 mine
414 3422 695 3511 appellarentur,
722 3426 885 3512 sive,·,ut
909 3430 1168 3518 posterioribus
1193 3437 1313 3514 tempo·

292 3517 392 3589 ribus
436 3543 498 3590 cas
542 3527 649 3594 etiam
686 3528 872 3614 dicebant,
916 3537 1057 3620 togatas
1093 3527 1312 3599 tabernarias.

291 3616 572 3722 christophorus
598 3626 753 3697 Wasius
786 3631 931 3700 exercit.
964 3630 1039 3700 111.
1073 3631 1311 3700 animadvers.

291 3717 538 3797 Nonianarum
571 3734 662 3797 teste
694 3729 861 3800 Fabricio
895 3732 1066 3802 Biblioth.
1099 3731 1180 3802 Lat
1204 3727 1267 3800 lv.
1295 3725 1311 3792 l

292 3821 667 3898 ex'Sammouiciloeo
685 3833 802 3920 posito
826 3833 990 3928 collegit,
1017 3833 1194 3904 Titinium
1217 3829 1313 3898 etiam

291 3921 336 3988 de
360 3927 539 3996 medicina
564 3930 699 4023 aliquid
726 3935 937 4024 tradidisse3
963 3938 1028 4006 sed
1048 3936 1159 4025 multo
1180 3929 1311 4002 facilius

290 4027 447 4096 statuere
467 4029 568 4116 licet,
589 4033 633 4128 ,in
657 4033 782 4104 fabula
808 4037 929 4129 aliqua
954 4060 1035 4106 eum
1058 4037 1200 4106 dedisse
1219 4047 1311 4122 prae·

176 4157 178 4162 ·
290 4129 447 4214 ceptum,
488 4134 601 4223 qnod·
618 4157 641 4202 a
673 4132 814 4232 Sereno
848 4159 896 4206 ex
928 4159 972 4226 eo
1005 4137 1162 4208 affertur.
1214 4122 1312 4204 Omni
