2824 4966
1086 373 1142 452 27

100 577 192 628 mus.
255 553 396 626 Harum
434 552 705 646 tragoediarum
739 553 953 644 urgrrmenta
983 547 1142 640 mythioa

101 663 205 728 orant
229 657 388 748 propria.
439 653 535 726 Nam
568 652 637 724 etsi
670 659 791 724 exstat
815 649 992 742 Aeschyli
1015 651 1143 722 fabula

97 757 277 831 Persae.
327 761 724 846 commemoranturque
769 749 967 843 Phryniohi
1011 750 1142 824 Exei-

99 861 221 930 dinm
245 857 399 930 Mileti
432 866 469 928 et
493 855 781 928 Phoenissae
813 877 857 925 ao
891 853 1142 947 Lycophronis

99 959 499 1047 Cassandrenses,
539 981 633 1051 quae
665 959 703 1027 in
728 956 899 1028 historico
929 966 1142 1049 argumento

99 1066 361 1148 versabantur,
387 1072 507 1132 tamen
532 1061 603 1131 hae
628 1060 748 1151 ipsae,
781 1079 890 1150 quum
912 1066 986 1129 tam
1002 1081 1143 1150 paneae

31 1187 36 1198 ·
97 1159 191 1250 sint,
219 1186 400 1256 quumque
422 1163 660 1254 temporibus,
686 1162 814 1252 quibus
836 1182 896 1231 ars
916 1161 1055 1253 tragioa
1080 1167 1144 1232 ant

95 1266 261 1336 nondum
286 1267 333 1335 ad
358 1285 536 1334 summum
560 1261 792 1355 perfectionis
807 1261 992 1354 fastigium
1013 1283 1142 1354 perre-
1231 1283 1234 1290 ⁴

95 1377 205 1438 uerat
231 1375 294 1438 ant
319 1366 392 1436 iarn
414 1367 637 1458 degenerare
662 1371 852 1455 coeperat,
878 1364 1033 1456 scriptae
1059 1364 1142 1456 sint,

97 1476 240 1539 tautum
274 1471 394 1555 abest,
433 1475 475 1536 ut
512 1467 695 1558 reguiam,
734 1466 930 1536 innumeris
967 1465 1142 1560 exemplis

97 1570 316 1657 stabilitam,
354 1570 501 1655 tollant,
544 1575 584 1640 ut
616 1589 696 1636 eam
724 1567 832 1637 etiam
864 1567 1142 1658 confirmentw).

96 1671 192 1742 Inde
226 1678 365 1758 nutem,
403 1671 500 1762 quod
538 1667 689 1740 historia
722 1667 880 1760 mythiea
912 1667 969 1740 his
1007 1671 1142 1742 fabulis

98 1779 316 1866 argumenta
335 1772 552 1864 praebebat,
580 1769 746 1841 effaetum
772 1777 843 1858 est,
870 1777 910 1840 ut
935 1771 972 1840 in
998 1778 1142 1866 tragoe-

98 1875 169 1946 diis
196 1896 393 1965 personae,
434 1872 674 1943 conditionem
698 1871 891 1944 humanam
915 1884 1141 1964 superantes,

97 1974 544 2071 repraesentarentnrm).
596 1972 642 2043 ln
667 1973 902 2063 praetextatis
928 1988 1053 2046 eontra
1078 1977 1142 2045 ho-

96 2079 236 2164 mines,
262 2099 354 2169 qnos
379 2073 629 2147 Romanorum
654 2073 804 2144 historia
831 2073 1024 2163 offerebat,
1057 2077 1144 2169 quin

97 2180 280 2250 interdum
307 2179 415 2248 etiam
442 2177 623 2264 viventes,
649 2182 690 2245 ut
706 2175 777 2266 ipsi
796 2197 876 2262 res,
903 2198 926 2246 a
946 2199 986 2248 se
1007 2187 1142 2270 gestas,

98 2283 136 2352 in
171 2301 309 2350 scaena
349 2285 571 2371 spectarent,
612 2277 951 2366 introducebantur3
990 2300 1144 2372 qnorum

98 2383 259 2476 dignitas
284 2404 328 2450 ao
348 2382 510 2474 gravitas
534 2380 633 2450 nulio
661 2379 768 2450 modo
789 2385 890 2450 tauta
911 2401 992 2452 esse
1011 2389 1143 2472 potest,

99 2491 238 2577 quanta
270 2505 414 2569 eornm,
455 2503 609 2575 quorum
642 2481 760 2574 gioria
797 2495 861 2552 ant
892 2483 993 2553 fama
1031 2484 1143 2577 longo

99 2591 325 2677 temporum,
364 2585 429 2655 ubi
460 2607 510 2654 ex
539 2581 742 2654 inevitabili
764 2583 842 2654 fato
867 2583 1055 2654 horribilia
1080 2591 1145 2656 aut

100 2709 296 2780 superasse
318 2694 381 2756 aut
400 2686 563 2777 perpessi
583 2685 795 2772 ereduntur,
821 2684 1010 2755 intervallo
1037 2682 1145 2756 aneta

10 2857 11 2870 ξ
100 2799 166 2860 est.
221 2787 356 2868 Quare
382 2789 478 2858 inter
501 2783 729 2861 Graecorum
754 2787 979 2879 tragoediam
1005 2793 1041 2857 et
1068 2784 1143 2857 Ro·

99 2911 292 2960 manorum
316 2896 543 2982 praetextam
573 2911 649 2960 non
680 2887 751 2961 hoc
782 2895 925 2960 tantum
958 2888 1144 2978 intererat,

99 2994 198 3084 quod
223 2991 287 3062 ilia
313 2988 515 3078 Graecum,
547 2989 640 3062 haee
663 2987 868 3062 Romanum
894 2998 1145 3084 argumentum

99 3093 247 3180 habuit,
274 3093 341 3164 sed
365 3093 447 3190 ipsa
471 3099 602 3163 natura
628 3113 752 3162 earum
776 3092 923 3162 diversa
945 3093 1058 3163 fuerit
1080 3113 1144 3162 ne·

103 3217 206 3265 nesse
233 3203 299 3266 est.
362 3194 557 3287 Quumque
581 3195 677 3265 idem
702 3195 800 3281 fere,
839 3194 1070 3286 quodmodo
1097 3196 1144 3264 de

101 3295 341 3387 praetextatis
372 3297 547 3382 diximus,
589 3297 696 3367 etiam
722 3295 761 3365 in
786 3291 950 3368 Graecas
982 3295 1145 3367 historici

101 3399 308 3490 argumenti
330 3398 473 3470 fabulas
499 3399 639 3485 valeat,
664 3420 736 3468 non
762 3405 898 3468 temere
923 3395 1144 3470 oensetNia·

102 3499 349 3595 huhrius101),
376 3502 457 3571 ilias
479 3521 619 3592 quoque
646 3501 692 3570 ab
718 3521 861 3586 earum,
889 3519 983 3593 quae
999 3499 1145 3591 proprie

10 3643 11 3652 κ
102 3603 201 3692 apud
223 3608 367 3671 veteres
387 3603 598 3694 tragoediae
618 3601 803 3688 dicuntur,
828 3623 979 3674 numero
995 3609 1146 3692 prorsus

102 3703 345 3772 removendas
371 3725 464 3775 esse.

191 3934 247 4018 99)
269 3935 314 3996 cf.
326 3939 401 4020 Aug.
418 3937 493 3999 binii.
507 3937 683 4020 Sohiegeiius
704 3938 814 3999 Vorier.
835 3939 923 4000 neher
943 3939 1030 3998 dmm.
1051 3937 1148 3998 Kunst

10 4065 11 4072 ,
103 4021 164 4080 und
196 4020 268 4080 Litt.
299 4023 340 4082 T.
358 4024 380 4082 Ι.
408 4045 436 4103 p.
456 4030 516 4086 104
536 4043 598 4102 sqq.
626 4023 670 4084 ed.
692 4024 790 4104 Upsai.
821 4057 863 4070 -
896 4021 971 4103 100)
1002 4021 1048 4083 cf.
1070 4025 1147 4106 Aug.

105 4105 348 4252 (ξῖξῖἀῧυςώ.
370 4109 390 4168 i.
409 4127 435 4168 o.
455 4129 484 4190 p.
497 4117 536 4174 93
550 4128 611 4189 sqq.
632 4139 675 4154 «-
703 4109 779 4190 101)
802 4111 900 4170 Roen.
913 4109 1017 4170 aaa.
1030 4109 1072 4170 Τ.
1083 4107 1105 4170 Ι.
1118 4131 1147 4190 p.
