2790 4970
223 323 226 336 '
264 321 355 398 240

264 497 335 560 l’ari
364 497 476 558 ntiouc
507 497 643 572 Bobius,
675 504 920 564 mutatetnntum
951 499 1151 580 promiscas
1179 501 1208 562 in
1235 523 1302 584 par·

264 585 393 658 misces
415 589 444 644 et
465 602 538 647 cnm
559 584 725 650 celebras
752 584 781 643 iu
804 584 1094 658 coucelebraaa„
1119 587 1201 658 Quae
1216 596 1251 666 1ιιι
1270 589 1302 650 ad

263 677 383 730 metrum
404 667 509 748 optimt
529 668 603 740 siut,
625 677 718 730 tamen
741 669 923 731 dubitandum
944 670 1076 746 videtmrp'
1090 671 1157 746 mum
1176 671 1302 733 Afranius

264 754 399 815 festivo
427 752 483 813 die
514 753 619 812 dixerit
648 775 700 835 pro
728 752 828 814 festo
855 755 920 815 dic.
964 756 1035 814 Nam
1058 755 1111 816 etsi
1133 757 1301 818 manifestum

242 847 325 912 est,
354 838 486 899 festivum
508 838 663 900 derivatam
691 857 755 898 esse
776 859 794 898 a
816 839 909 912 sesto,
943 847 1035 900 tamen
1059 861 1115 900 non
1138 842 1227 921 quivis
1247 843 1302 902 dics

263 923 357 985 leatus
381 923 466 984 etiam
498 922 618 985 festivus
640 932 698 996 est,
732 924 807 987 aicat
827 945 885 984 uon
907 945 1005 985 omnes
1027 924 1123 989 festivi
1145 926 1205 986 dies
1226 926 1302 988 etiam

263 1009 330 1069 festi
361 1015 436 1068 suut.
479 1007 550 1067 Dies
582 1007 673 1068 festus
704 1015 812 1068 tantum
840 1009 947 1070 iudicat
974 1011 1087 1088 aliquod
1108 1018 1230 1092 tempus,
1260 1012 1302 1071 ubi

263 1095 309 1154 vel
330 1091 470 1154 sacrificia
489 1091 562 1152 fiunt
581 1093 628 1154 vel
648 1093 705 1152 ludi
728 1093 914 1154 instituantur
935 1095 980 1155 vel
1002 1089 1167 1176 aliudquid
1187 1097 1301 1156 'celebra-

264 1187 325 1250 tur3
348 1179 409 1238 dies
430 1177 549 1240 festivum
570 1178 595 1237 ia
618 1186 678 1248 est,
700 1179 746 1256 qui
770 1179 885 1238 hilarius
908 1186 937 1239 et
959 1180 1122 1252 iucundius,
1145 1201 1224 1260 quam
1245 1201 1302 1240 cae·

141 1274 144 1286 ·
263 1265 333 1338 teri,
360 1262 537 1344 transigitur.
581 1263 639 1330 (tui
668 1262 757 1324 futuri
784 1263 844 1324 sint
862 1263 925 1324 dies
945 1263 1028 1338 festi,
1059 1267 1300 1345 recuperacione

263 1350 311 1430 qui
332 1347 420 1410 buturi
441 1348 499 1407 sint
520 1347 581 1408 dies
602 1346 707 1420 festivi,
729 1367 815 1427 saepe
831 1349 1010 1430 ignoramus3
1033 1351 1165 1428 quoniam
1181 1351 1307 1434 illilegi.

263 1437 315 1496 bus
345 1441 412 1496 suat
440 1431 585 1493 constituti
614 1439 643 1492 et
664 1433 701 1492 ad
722 1439 811 1492 tutum
834 1435 964 1514 pupulum
986 1435 1145 1515 pertineat,
1180 1435 1207 1494 hi
1228 1455 1301 1496 occo

263 1521 345 1580 sione
365 1519 411 1580 vel
433 1517 530 1598 paucis
551 1517 597 1578 vel
619 1517 713 1576 multis
733 1517 892 1580 bominibus
919 1517 1112 1598 proferentum
1153 1520 1301 1600 Propterea

263 1613 356 1665 autern
378 1603 526 1674 festivum,
548 1603 623 1663 unde
645 1602 793 1662 deducitur
814 1602 975 1676 festivitas,
988 1605 1070 1680 ¹banc
1091 1605 1179 1666 babet
1199 1603 1301 1686 signifi·

263 1691 418 1762 cntionem,
449 1687 539 1766 quod,
568 1694 600 1746 nt
632 1695 711 1748 recte
740 1687 941 1760 observarunt,
975 1688 1073 1749 diebus
1105 1689 1195 1758 sestis,
1215 1689 1300 1750 omnia

260 1775 383 1837 laetiora
413 1780 498 1852 etque
525 1772 660 1832 hilariora
687 1792 825 1852 apparere
846 1773 949 1833 solent.
992 1773 1074 1833 lianc
1094 1794 1164 1835 vero
1187 1775 1221 1834 ob
1242 1793 1300 1834 cau·

246 1849 322 1921 'sam
344 1860 428 1920 etiam
449 1857 511 1918 lieri
534 1857 635 1937 potuit,
657 1862 690 1916 ut
712 1857 824 1918 omnimo
847 1858 908 1928 dies
930 1856 996 1918 lenti
1017 1857 1114 1920 festivi
1135 1859 1299 1939 appellaren-

263 1954 325 2019 tur3
357 1944 432 2024 quod
453 1951 547 2002 tamem
569 1963 634 2002 nuru
656 1941 761 2003 sactum
782 1943 835 2016 sit,
867 1943 980 2003 dubium
1002 1949 1061 2018 est,
1093 1945 1162 2024 quia
1183 1945 1242 2004 eius
1261 1942 1298 2002 rai

260 2038 341 2092 certa
367 2027 511 2108 exempla,
539 2027 614 2105 quod
635 2027 737 2100 sciam,
769 2027 843 2108 apud
864 2027 1016 2108 scriptores
1038 2048 1094 2087 non
1118 2029 1297 2108 reperiantur.

260 2117 352 2176 Recte
379 2123 473 2174 tameo
501 2111 685 2172 festivitatem
716 2133 767 2191 pro
799 2113 989 2175 celebratione
1016 2110 1084 2172 lasti
1111 2134 1211 2193 ponas.
1258 2111 1297 2173 cf.

259 2201 380 2262 Lexica.
423 2198 454 2257 ln
482 2197 597 2260 Afranii,
619 2197 683 2256 loco
712 2198 781 2256 illud
806 2196 943 2259 festivo
966 2197 1023 2257 die
1052 2198 1188 2258 incertius
1214 2196 1298 2257 reddi·

260 2294 308 2346 tur
341 2285 424 2346 etiam
455 2303 506 2358 eo,
544 2283 620 2361 quud
649 2281 760 2342 Nouius
791 2282 906 2362 scripsit
940 2282 1106 2343 Profesti
1145 2291 1180 2344 et
1215 2280 1298 2342 festi

260 2372 338 2432 dies
374 2369 637 2429 discernuntur
670 2376 724 2426 etc.
778 2366 850 2427 Nam
879 2368 934 2430 boc
965 2388 1049 2427 unum
1082 2365 1297 2442 tantumallert

261 2457 435 2536 exemplum,
473 2459 519 2524 et,
553 2451 579 2511 si
609 2450 647 2510 ibi
678 2450 815 2533 legisset,
854 2453 929 2530 quod
961 2453 1165 2514 restituendum
1189 2441 1296 2534 *putaret

260 2541 404 2624 probabile
430 2541 491 2612 est,
523 2557 585 2596 eum
612 2536 781 2616 scripturum
802 2535 891 2596 fuisse
917 2536 1084 2597 Profesti
1113 2546 1149 2596 et
1179 2535 1296 2598 festivi

260 2629 337 2687 dies
369 2633 424 2686 etc.
477 2623 570 2681 Porro
601 2622 766 2683 vocabulum
799 2641 926 2700 aeque,
965 2622 1040 2700 quood
1065 2623 1153 2704 [apud
1189 2624 1294 2682 Festum

257 2732 370 2859 poaque
387 2707 601 2853 ιοςίιοιιίιιιιῖ,
628 2707 834 2850 pxturbappppm
853 2727 908 2766 non
927 2707 1046 2768 uidetur.
1080 2709 1192 2768 Totum
1212 2714 1295 2766 autem
1378 2765 1379 2768 ,

269 2819 349 2858 ocum
371 2816 413 2855 arc
446 2812 495 2853 cre
516 2811 572 2852 serr
592 2812 627 2851 en
647 2811 693 2850 um
714 2811 774 2852 ιιι
823 2812 851 2849 r:

309 2895 509 2988 (tuaequae
534 2895 630 2967 festo
655 2893 814 2964 solemma
838 2893 963 2964 facere
987 2892 1055 2964 uda
1080 2894 1152 2982 die,

309 2997 534 3080 Quotidiano
559 2995 755 3087 permisces
782 3016 892 3086 opere
919 2994 1059 3084 dmnia3

308 3091 441 3192 Aeque
465 3100 630 3190 profesto
648 3095 891 3167 'cdmcelebras
916 3096 1039 3168 focdm
1066 3104 1179 3168 tuum.

256 3222 301 3283 Ad
323 3217 491 3279 sententiam
513 3216 585 3277 bene
606 3214 777 3276 lllcrceriua:
801 3213 915 3287 „Festo
932 3212 978 3273 die
991 3213 1206 3276 concelebratur
1220 3211 1291 3272 locus

257 3303 426 3372 venerandis
455 3301 630 3361 numinibus:
663 3298 791 3379 profesto
822 3299 994 3359 cotidianum
1022 3315 1093 3378 opus
1115 3297 1164 3373 lit,
1196 3307 1225 3358 at
1251 3293 1290 3355 nic

256 3389 445 3473 promiscebnt
465 3386 575 3458 omnia,
597 3385 769 3466 cotidianum
791 3402 863 3463 opus
883 3381 960 3445 festo
983 3383 1029 3444 die
1051 3382 1170 3456 faciens,
1190 3397 1290 3444 samum

256 3474 413 3577 profestef‘
457 3471 574 3532 Caecilii
603 3490 714 3533 versum
736 3469 810 3549 apud
831 3470 962 3544 Festum,
985 3469 1110 3547 quanvis
1132 3469 1291 3533 dubitanter,

232 3583 298 3689 ‚m
318 3567 623 3713 {mmmmm
671 3637 881 3782 prnt'estti,s
910 3635 1038 3784 lppisdti
1089 3635 1291 3700 tentandam

885 3741 922 3782 es
1022 3741 1065 3784 re.

722 3840 828 3902 XVlll.

341 3964 451 4026 Nouius
465 3985 494 4044 p.
506 3969 570 4024 488
586 3960 632 4020 ed.
646 3959 753 4020 llere:
775 3957 1014 4040 „vulgariam
1030 3979 1082 4039 pro
1093 3957 1288 4040 vulgarem.-

254 4051 389 4114 Afrauina
410 4051 440 4110 in
461 4046 617 4129 Priuigno:

304 4137 450 4212 Dehinc
475 4131 713 4208 temeritatem
737 4117 892 4222 rc'pudio
921 4120 1163 4224 vulgririam.“
