2774 4972
1098 385 1176 464 197

130 543 238 604 detor
268 545 400 611 nemini
426 553 482 608 on.
536 549 794 630 Respondetrr
821 555 997 636 gramatici
1024 565 1083 634 ent,
1116 581 1174 624 non

129 635 243 709 poetae,
286 629 369 710 Apud
389 631 553 698 Pnachinn
574 654 627 716 pro
649 656 684 698 eo
706 645 751 698 ert
771 638 934 736 Rpiittera.
968 644 974 660 ¹

622 801 674 864 ΙΧ.

216 915 362 978 Charisius
383 919 420 977 il.
442 925 617 1000 p.190ap.
639 922 770 984 runco:
799 923 940 997 „Porro
965 945 1019 1006 pro
1045 927 1075 988 in
1095 927 1172 991 fun-

128 1023 202 1063 rnm.
224 1037 266 1049 -
288 999 422 1061 Afraniae
442 1001 472 1061 in
492 1004 692 1086 Emancipato:

180 1101 275 1178 Post
298 1125 515 1176 narravero:
543 1110 638 1179 nnnc
660 1109 836 1182 distentus
861 1101 1004 1184 animno
1030 1121 1086 1186 eet
1108 1137 1171 1188 ne·

738 1210 859 1304 gritiis.

181 1305 300 1379 Porro
327 1308 448 1378 antem
472 1330 640 1401 propero.
651 1315 675 1354 “

129 1426 315 1493 distentor
344 1425 483 1486 animun
511 1434 577 1486 ent.
618 1427 700 1488 Libri
730 1435 788 1488 ert
813 1429 997 1490 distentos
1023 1432 1169 1497 animur.

129 1513 231 1592 Steph.
253 1517 310 1569 ert
331 1511 512 1570 distentor
534 1512 670 1572 animas
692 1520 738 1573 nt.
781 1513 863 1574 Unde
884 1515 1018 1576 Bathinr:

463 1661 466 1666 ,
585 1597 678 1658 Port
706 1618 911 1672 narravero,

172 1680 330 1740 Norant
350 1678 534 1741 distentus
555 1680 691 1742 animun
713 1691 767 1742 eat
789 1683 965 1766 negotiis,

173 1765 288 1824 Porro
310 1771 425 1823 antem
447 1784 612 1844 propero.

128 1851 209 1908 llaec
230 1848 324 1929 speeie
345 1846 444 1909 saliere
464 1859 597 1929 possunt,
619 1851 670 1910 aed
688 1851 830 1911 sententia
849 1851 969 1911 laborat.
1012 1851 1082 1913 Nom
1103 1875 1169 1934 pro·

130 1934 262 1996 habiliter
282 1936 353 1993 haee
373 1935 469 1994 nario
491 1935 554 2014 qnia
575 1935 672 2006 alteri,
709 1935 744 1994 <ie
765 1937 859 2016 aliqua
879 1956 911 1996 re
932 1937 1022 2016 ipsum
1049 1937 1169 1998 interro·

129 2020 230 2102 genti,
260 2018 427 2100 respondet,
459 2039 571 2078 cauum
599 2018 761 2100 proferena,
794 2041 844 2079 our
871 2042 927 2080 oon
949 2021 1044 2082 atatim
1065 2022 1101 2082 ad
1123 2043 1168 2096 ea,

130 2125 203 2184 qnae
236 2104 285 2164 iiia
316 2103 520 2185 interrogavit,
557 2105 727 2184 respondere
759 2106 858 2187 poerit.
918 2105 1017 2184 Neque
1049 2108 1164 2167 omnino

130 2189 187 2249 dici
214 2209 300 2268 porea
329 2188 453 2248 videtur:
485 2189 574 2248 Post
603 2209 815 2262 narravero,
845 2197 883 2248 ut
913 2210 1004 2249 nuno
1032 2193 1169 2251 animno

129 2274 297 2354 negotiis
319 2273 499 2332 distentus
521 2282 586 2333 aet
628 2273 739 2332 Deinde
761 2294 857 2354 parum
879 2275 1079 2334 accommodati
1101 2283 1169 2336 aunt

128 2377 231 2421 verane
267 2357 377 2418 iambici
410 2358 544 2429 trimetri,
586 2357 635 2417 nbi
666 2358 767 2437 aliquia
803 2379 864 2418 enm
903 2360 988 2419 animi
1023 2362 1168 2440 perturba-

128 2445 209 2504 tione
233 2443 366 2522 loquitur.
401 2442 528 2502 Alteram
554 2464 664 2504 varano
692 2463 743 2522 pro
771 2445 897 2504 ciansuio
923 2443 1022 2504 habeo.
1061 2446 1169 2506 Cohae-

129 2549 196 2588 rere
222 2539 315 2587 autem
342 2527 454 2588 videtvr
480 2529 534 2587 hoe
559 2527 747 2610 fragmentum
772 2547 834 2588 anm
855 2527 936 2587 ΧΧΙ.
958 2563 999 2573 -
1028 2529 1111 2595 Quoi
1132 2530 1170 2589 nd

129 2613 254 2673 aanor
287 2611 547 2692 interpretationem
584 2613 714 2674 voonbnii
750 2633 857 2693 porro
895 2614 1011 2684 attinet,
1051 2614 1169 2673 Bothiua

129 2699 293 2760 metavit:
327 2697 498 2769 „Charininn
519 2717 624 2776 porro
654 2717 710 2757 non
738 2697 1038 2777 reetejnterpretatnr
1064 2699 1098 2758 in
1119 2697 1168 2758 fn·

129 2793 262 2853 torum,
282 2801 344 2841 enm
366 2782 460 2843 vaieet
480 2783 667 2842 ulterius.“
709 2783 773 2842 Non
795 2783 855 2861 ipae
869 2783 1013 2842 charisius
1034 2802 1168 2842 aoenean·
1291 2793 1294 2806 '

129 2870 185 2927 ono
209 2869 336 2938 videtur,
365 2867 414 2926 aad
442 2867 557 2926 librarii.
601 2867 685 2932 Quod
705 2874 738 2925 nt
758 2867 915 2938 iiinooneat,
943 2866 1059 2927 efferam
1080 2875 1169 2926 totam

128 2954 237 3024 inanm,
259 2952 306 3011 nbi
328 2951 364 3012 de
385 2951 518 3012 monerio
539 2971 647 3030 porro
669 2953 779 3032 egitur,
802 2953 849 3030 qni
870 2953 915 3012 hie
937 2959 997 3012 eat:
1020 2953 1168 3024 „Porro

129 3039 259 3098 nii-Cato
280 3035 387 3096 dierum
402 3035 536 3096 dictarum
550 3037 586 3096 de
600 3037 705 3096 Consu.
727 3057 794 3096 nuo:
817 3037 901 3097 inde
922 3056 1036 3118 pergo
1058 3056 1167 3116 porro

130 3124 188 3181 ire
209 3125 243 3181 in
266 3121 423 3179 Turtam.
466 3122 542 3180 idem
564 3141 664 3198 snpra:
687 3120 813 3200 itaqua
834 3140 942 3200 porro
963 3121 997 3179 in
1020 3121 1168 3180 Turtam

130 3204 356 3286 proficiscor
385 3212 564 3266 servatum
596 3205 697 3276 iiior,
733 3227 785 3286 pro
812 3206 936 3286 longina.
979 3204 1113 3265 Afranius
1139 3205 1168 3264 in

130 3291 270 3369 Vopirro:
301 3291 436 3349 Ferant
462 3290 497 3348 di
522 3297 562 3348 'et
586 3294 694 3368 p'orro
724 3309 895 3368 passuros
921 3289 1009 3349 noio.
1053 3290 1169 3349 Porro

129 3395 185 3456 pro
205 3376 233 3434 in
256 3373 388 3434 futorum.
418 3375 457 3433 Μ.
480 3375 553 3433 (lato
574 3374 603 3432 in
625 3373 737 3434 eodem:
767 3375 820 3434 Me
840 3375 1040 3434 noiiieitum
1062 3381 1170 3452 atque

1 3506 2 3525 ,
130 3458 509 3520 exarcitnmhabitnm
538 3457 986 3538 errantqueporrofore.
1036 3456 1170 3517 Afraniae

130 3544 163 3604 in
184 3544 383 3622 Emancipato:
413 3544 503 3603 Poat
529 3561 741 3604 narravero:
771 3562 863 3604 nuno
889 3543 1073 3603 distentae
1101 3541 1170 3600 ani·

129 3647 205 3688 nna
232 3637 286 3688 ent
317 3628 492 3710 negotiis.
534 3628 648 3686 Porro
670 3635 787 3687 autem
807 3632 1002 3708 propero.“
1044 3626 1171 3706 Apparet

130 3712 244 3774 Astanii
264 3714 344 3774 loona
365 3731 429 3774 ensa
450 3711 684 3792 transponendae.
735 3713 805 3772 Nam
827 3713 856 3772 in
877 3711 971 3794 priore
991 3729 1097 3792 porro
1126 3716 1171 3770 ent

130 3796 364 3873 infuturum,
390 3797 420 3858 in
442 3798 532 3857 altero
553 3797 700 3880 longina
721 3797 781 3860 eive
802 3796 968 3857 ulterius.

634 3981 673 4042 X.

218 4099 364 4162 aanor·
385 4099 503 4160 ibidem:
526 4099 746 4174 „Pudentem
790 4100 906 4173 cinno,
927 4105 959 4159 nt
979 4098 1064 4161 etiam
1079 4096 1172 4158 ilui-

129 4204 195 4248 w
214 4188 312 4261 nomo
338 4192 397 4246 tum
417 4183 552 4258 Afranio·
571 4185 601 4245 in
623 4186 821 4266 &napaeos
