2772 4968
10 601 15 636 l

959 503 978 512 ..
1043 399 1122 476 san

229 599 271 614 -··
292 570 399 636 Quen
420 588 494 632 cum
516 571 691 652 adspexit
709 574 839 652 procul
859 573 1059 634 immittier:

129 652 259 727 Voluit,
286 655 461 730 revortit,
489 656 594 736 quasi
616 677 689 717 cum
712 659 903 738 catapults
927 660 1059 720 evolat.

92 753 264 828 „Volvit,“
285 755 379 836 roqurt
389 777 433 818 ιιι
446 758 560 830 doctus,
583 759 756 830 „volvitnrf‘
785 760 921 820 Fortasse
931 761 1121 821 scabendum

89 855 94 865 ’
216 900 264 910 -
291 857 414 936 Quom
435 860 562 950 procul
580 853 768 984 adspcixit,
803 863 904 932 illum
930 853 1073 933 mittere

134 949 271 1030 Voluit.
308 957 495 1050 Revortit,
522 963 630 1054 qudm
647 963 919 1055 iamentapulta
941 955 1075 1035 einoldi.

89 1077 244 1153 Mittere,
276 1099 333 1137 ooo
353 1073 479 1160 ‘bmplius
506 1081 645 1160 persequi.
689 1082 884 1162 Catapults
905 1081 951 1142 bic
971 1082 1028 1143 diei
1048 1079 1125 1144 vide-

9 1183 10 1198 *
90 1164 158 1222 tur
150 1183 188 1236 rs,
217 1183 300 1242 quem
322 1164 395 1224 alter
415 1176 581 1244 persecutus
603 1172 656 1226 est.

576 1315 627 1377 tx.

165 1435 269 1495 Festus
297 1456 325 1496 v.
347 1435 517 1506 Mulleos‚
547 1436 662 1518 Fragm.
690 1457 718 1516 p.
736 1443 778 1498 80
799 1437 843 1496 ed.
865 1436 985 1498 linces:
1017 1435 1126 1509 „illul-

89 1519 157 1578 leos
181 1539 276 1602 genus
305 1520 463 1580 calceorum
494 1519 573 1579 oiuot
600 1541 678 1592 esse,
711 1521 811 1599 quibus
840 1541 927 1602 reges
954 1522 1126 1581 Albanorum

89 1605 178 1682 primi,
209 1605 313 1665 deiude
334 1605 445 1684 patricii
471 1605 515 1664 usi
537 1613 612 1666 sunt.
654 1607 694 1665 lt.
718 1607 790 1666 Cato
812 1606 959 1686 Originum
981 1606 1054 1666 libro
1081 1625 1126 1666 sc-

91 1690 183 1767 ptimo:
214 1691 284 1760 nui
315 1691 568 1771 magistratum
591 1691 747 1750 curulem
769 1691 948 1770 cepisset,
980 1691 1126 1750 calceos

8 1853 9 1858 η
91 1776 248 1848 mulleos,
280 1775 352 1834 alii
391 1773 445 1854 (sc.
468 1774 665 1856 magistratus)
697 1775 920 1835 allucinatos
952 1773 1126 1856 (innatast),

8 1867 9 1875 ’
91 1861 220 1920 caeteri
244 1881 417 1944 perones.
461 1861 530 1918 ltem
552 1861 680 1919 Titinius
702 1861 729 1918 io
752 1860 868 1919 Setina:

205 2005 260 2014 -
285 1953 372 2032 Jdm
395 1985 476 2031 cum
498 1963 639 2032 mulleis
661 1969 697 2030 tc
719 1961 926 2048 dstcudisti,
952 1959 1043 2052 quds
1062 1957 1128 2030 tibi

134 2055 301 2136 Adscisti
326 2057 516 2134 calceds.“
543 2105 591 2116 -

90 2181 150 2241 tibi
178 2182 347 2242 Adscisti
378 2182 535 2241 calceos.
579 2180 702 2280 Legitur
729 2178 876 2240 tibiatis
906 2178 941 2237 iu
969 2178 1126 2238 calceos.

90 2265 199 2326 butbius
239 2287 303 2326 cum
338 2267 400 2326 los.
439 2267 588 2346 Scoligcro
626 2266 739 2345 scripsit
777 2264 933 2323 tibiotirn
973 2263 1126 2322 calceus.

90 2351 157 2411 ldem
184 2353 289 2433 probat
317 2353 385 2411 Gcr.
408 2350 455 2410 Jo.
478 2352 596 2410 Vossius
617 2351 748 2429 Etymol:
769 2370 795 2410 v.
817 2349 981 2408 Mulleus.
1024 2348 1127 2407 Verum

91 2457 142 2496 unu
163 2438 253 2498 calcei
276 2416 453 2509 calceentur,
485 2437 534 2494 sed
558 2436 652 2515 pedes.
696 2437 758 2494 Nou
782 2443 826 2493 est
846 2433 1007 2514 probabile,
1034 2433 1062 2492 io
1085 2431 1128 2492 sa·

8 2514 15 2541 ¹
91 2521 164 2595 imula
196 2522 290 2602 qualis
311 2521 384 2581 fuit·
387 2521 457 2580 baec
478 2521 597 2592 Titinii,
630 2539 793 2600 quemqnam
825 2519 979 2598 prodiisse,
1011 2518 1056 2577 cui
1083 2517 1127 2575 ius

90 2605 169 2667 inerit
195 2609 316 2667 mulleos
343 2607 456 2666 calceos
483 2607 625 2687 gestandi.
680 2605 789 2671 Quodsi
817 2604 880 2683 quis
909 2623 1003 2663 carum
1031 2621 1128 2681 perso-

6 2691 8 2712 '
90 2712 196 2766 numm,
219 2692 344 2772 quaein
366 2693 420 2751 bac
440 2691 536 2751 fabula
557 2697 787 2770 repraesentatae
808 2688 936 2759 fuerunt,
969 2707 1031 2746 cum
1053 2687 1127 2744 eius-

90 2779 158 2837 modi
189 2778 294 2838 calceis
326 2797 359 2836 se
390 2777 569 2847 ostenderat,
601 2777 630 2835 id
656 2776 700 2834 ius
729 2774 783 2833 sibi
810 2773 989 2854 arrogaverit
1011 2790 1129 2830 neccsse

91 2870 140 2923 cst.
180 2863 265 2924 Unde
288 2856 435 2940 petivimus
466 2861 697 2920 emendationem.
740 2858 903 2918 Adscisti
929 2865 1023 2917 autem
1043 2875 1128 2917 roca·

92 2946 177 3007 bulum
200 2947 393 3028 suppeditavit
414 2946 496 3006 nobis
519 2946 659 3026 Sauppius
681 2944 796 3006 amicus.

589 3097 628 3157 X.

168 3221 274 3280 Festus
301 3239 328 3280 v.
350 3219 485 3288 lineae,
516 3217 632 3296 uragu
653 3237 680 3295 p
701 3223 740 3276 16
762 3214 807 3274 ed.
829 3212 946 3272 [lacere
980 3209 1130 3283 „Oreas

93 3301 174 3379 beot,
197 3305 274 3385 quod
296 3304 340 3364 nri
361 3303 533 3362 inseruntur.
577 3299 735 3360 Titinius
727 3321 756 3358 ιιι
778 3298 894 3358 Setius:

806 3423 857 3434 —
881 3381 961 3452 Etsi
986 3369 1131 3465 taccibit

138 3491 283 3564 Tamen
309 3490 481 3583 gaddcbit
506 3488 575 3560 sibi
600 3486 759 3579 prdmitti
787 3476 1005 3556 οιιιιίε.--<ι

93 3610 264 3688 promitti.
308 3609 421 3669 Editum
451 3613 495 3668 cst
524 3604 696 3687 permitti.
731 3604 847 3686 Fragm.
869 3598 1026 3682 promiti.
1074 3597 1131 3655 Bo·

93 3694 163 3753 tbrus
185 3694 319 3774 praebet

131 3781 209 3838 litsi
232 3777 388 3850 tacebit,
411 3784 478 3837 tam
500 3796 605 3837 oreas
626 3773 789 3857 permitti
811 3769 989 3855 gaudebit
1009 3765 1089 3827 sibi.

94 3862 275 3936 Promitti,
302 3864 428 3924 laxiores
450 3861 524 3922 lieri.

586 3997 639 4056 xl.

174 4119 331 4181 llestusv.
359 4117 559 4189 Rediviam‚
591 4116 707 4196 Fragm
729 4109 878 4192 ptoed
900 4107 1019 4168 llacer..
1046 4103 1135 4178 „Re-

6 4267 7 4292 ,
97 4200 219 4265 diriam
247 4205 376 4284 quidam,
406 4201 656 4264 aliirelurium
682 4198 843 4278 appellant,
875 4211 959 4272 quum
986 4189 1134 4252 circuun-
