2874 4978
349 337 527 471 'eo

476 517 523 598 G.
549 524 695 618 Langio
709 522 794 610 ²²⁷),
822 540 907 591 num
934 519 1064 589 borum
1090 519 1149 588 vel
1175 533 1289 589 unum
1315 531 1434 612 praeto

474 638 530 699 tas
575 629 709 699 fecisse
758 625 838 693 aliis
885 623 1100 692 testimoniis
1139 622 1361 692 confirmare
1396 646 1435 716 qu

474 728 584 802 (ierte
611 729 718 821 quod!
735 728 782 795 ad
798 724 990 796 Melissum
1012 725 1148 808 attinet,
1174 724 1396 794 scholiastae
1414 729 1435 801 tl

473 832 632 902 monium
659 828 807 898 dubium
832 827 996 895 redditur
1021 849 1078 912 eo,
1104 826 1201 916 quod
1218 825 1422 911 Suetonius,

475 935 521 1002 da
553 933 615 1001 illo
643 932 719 1021 agit
752 949 933 1019 operaque
961 930 1039 997 eius
1065 937 1271 1014 enumerat,
1316 944 1435 1018 praeto

339 1033 342 1039 ’
472 1043 590 1106 tarum
610 1054 684 1102 non
704 1032 794 1101 facit
820 1031 1049 1099 mentionem.
1101 1027 1180 1098 Nec
1200 1032 1323 1121 magis
1342 1032 1435 1101 Afra

472 1143 720 1228 praetextatas
739 1132 927 1223 scripsisse
950 1132 1162 1217 credendus,
1185 1142 1224 1199 ut
1243 1134 1291 1200 ad
1314 1134 1435 1224 fragm

474 1239 553 1309 eius
573 1235 911 1307 demonstrabimus.
952 1231 1010 1302 De
1029 1229 1233 1321 Pomponii,
1260 1236 1435 1324 siquiden.

471 1335 633 1423 videtur,
674 1336 719 1406 L.
747 1334 971 1424 Pomponius
997 1333 1241 1404 Bononiensis
1265 1337 1433 1427 ‘significa

469 1439 705 1533 praetextatis
719 1437 868 1527 perinde
884 1436 1118 1505 dubitandum
1138 1444 1193 1505 est
1213 1437 1273 1505 vel
1292 1440 1397 1524 ideo,
1418 1461 1435 1528 ql

469 1544 673 1633 fragmenta
706 1540 803 1624 eius,
844 1552 937 1630 qnae
969 1556 1042 1605 non
1068 1539 1119 1606 ita
1144 1551 1260 1628 pauca
1287 1550 1396 1624 sunt,

471 1665 579 1738 quam
600 1642 778 1711 eiusmodi
797 1637 958 1710 fabulam
980 1641 1145 1730 produnt.
1181 1638 1239 1709 lle
1253 1639 1415 1710 Aeliol.

472 1752 508 1815 et
542 1743 704 1814 Antonio
744 1741 843 1812 Rufo
885 1751 1027 1830 praeter
1067 1741 1194 1810 borum
1234 1742 1436 1812 scholiastal

468 1846 673 1916 testimonia
705 1845 793 1914 mihi
825 1843 915 1912 nibil
939 1844 1110 1929 innotuit,
1145 1846 1240 1911 unde
1266 1843 1312 1912 de
1347 1845 1436 1935 openi

467 1961 595 2019 eorum
635 1948 771 2039 aliquid
811 1944 977 2015 concludi
1016 1946 1140 2034 possit.
1199 1942 1373 2036 lienique
1407 1946 1436 2013 ai

465 2064 657 2142 perperam
691 2051 729 2117 in
760 2054 1028 2138 praetextatum
1060 2047 1255 2136 scriptores
1288 2044 1338 2117 P.
1368 2048 1436 2117 Sul

467 2152 583 2223 nium
609 2148 774 2220 Rufum
799 2148 922 2218 retulit
947 2146 1107 2232 licinius,
1134 2145 1176 2217 0.
1203 2147 1381 2218 dulium
1409 2148 1436 2218 Cr

468 2269 615 2324 sarem
662 2251 931 2321 Strabonem
978 2246 1204 2334 KordesiuS,
1246 2247 1288 2320 Ο.
1335 2251 1436 2321 Titii

466 2353 691 2439 Wetzelius,
730 2347 772 2423 (i.
807 2351 1018 2432 Asinium
1048 2348 1308 2420 Pollionem
1345 2352 1436 2422 Ecld

466 2457 534 2527 dus
559 2468 632 2525 non
658 2455 883 2545 improbante
908 2451 1113 2539 Kordesi03
1137 2475 1290 2544 quorum
1319 2457 1434 2545 opini.v

464 2558 526 2653 qul
551 2557 678 2630 merito
704 2556 913 2626 refellerent
935 2556 1008 2623 iam
1033 2553 1299 2648 fuerunt228).·

564 2659 724 2730 Fabulas
750 2660 933 2727 trabeatas
955 2654 997 2726 G.
1019 2653 1255 2726 Melissum
1281 2656 1431 2747 primun

461 2763 618 2834 sortasse
644 2763 760 2832 solum
786 2759 920 2829 fecisse
945 2757 1017 2826 iam
1038 2758 1238 2828 didicimus.

563 2860 729 2954 Togatae
755 2861 978 2931 tabernarias
998 2860 1157 2949 perinde,
1184 2869 1223 2929 ut
1243 2868 1430 2950 praetexta

461 2963 615 3055 primum
641 2962 828 3054 scripsisse
853 2969 940 3053 puto
963 2959 1193 3031 Naevium.
1245 2960 1359 3046 Nam,
1388 2974 1422 3032 ut

461 3080 530 3135 nus
556 3072 655 3136 certa
681 3065 860 3149 omittam,
887 3063 1010 3132 docuit
1033 3063 1065 3132 is
1091 3060 1379 3136 Clastidium
1403 3068 1434 3135 fa

460 3167 545 3238 lam.
583 3167 695 3260 Atqui
728 3163 941 3236 Clastidium
975 3172 1052 3233 erat
1077 3166 1247 3254 oppidum
1263 3160 1425 3236 Galliae

460 3275 578 3359 gatae.
619 3267 716 3346 Quid
743 3267 854 3360 igitur
878 3266 1100 3357 probabilius
1127 3286 1207 3336 esse
1232 3276 1370 3356 potest,
1398 3292 1433 3361 q·

458 3369 618 3440 fabulam
652 3371 748 3438 illam
772 3369 888 3440 luisse
920 3363 1103 3459 togatami
1134 3366 1263 3459 ltaque
1291 3369 1437 3439 etiam·

457 3477 560 3542 tuere
586 3469 717 3557 licebit,
743 3470 838 3540 buno
863 3469 1009 3558 poetam
1034 3488 1107 3537 non
1132 3470 1249 3560 magis
1271 3469 1308 3537 in
1329 3474 1431 3560 palli

457 3594 564 3666 quam
598 3571 635 3640 in
666 3574 819 3663 togatis,
858 3569 1012 3640 civitatis
1052 3570 1230 3660 principes
1270 3586 1431 3642 contum

454 3673 721 3767 perstrinxisse.
754 3673 879 3763 Atque
904 3673 1049 3741 omnino
1068 3673 1217 3742 fabulae
1237 3680 1391 3764 togatae
1421 3706 1434 3738 n

454 3776 592 3846 initium
615 3774 755 3867 cepisse
776 3773 1028 3844 videnturhoo
1041 3775 1160 3844 modo.
1186 3772 1365 3863 Naevius,
1389 3777 1432 3846 bo

453 3926 740 3944 W

538 3989 614 4072 227)
639 3992 746 4052 Vindio.
772 3999 848 4073 trag.
875 3993 956 4050 Rom.
988 4013 1016 4070 p.
1042 4000 1092 4051 11.
1113 4024 1156 4034 —
1194 3986 1269 4070 228)
1292 3992 1379 4053 Vidd.
1402 3997 1430 4054 A.

453 4075 584 4158 ilergius
607 4076 714 4138 Vindio.
736 4084 811 4160 trag.
834 4078 917 4136 Rom.
940 4083 1037 4155 p.143
1068 4075 1187 4134 Botbius
1204 4075 1240 4133 ad
1258 4076 1401 4161 Tragion.

452 4159 581 4243 lrugnnn.
603 4183 630 4242 p.
644 4168 722 4236 2553
748 4162 906 4223 Ellendtius
927 4162 963 4220 ad
985 4160 1044 4220 cte.
1065 4159 1146 4220 Brut.
1167 4158 1259 4218 XLV.
