2774 4972
339 896 388 968 11.
439 895 804 968 ssllssssl.

154 1235 199 1308 L.
231 1236 457 1311 Afranius
494 1245 624 1332 poetae
661 1263 792 1313 nomen
830 1241 899 1314 fuit
939 1250 1091 1314 testante.

72 1333 231 1410 Cicerone
263 1338 368 1412 Brut.
393 1338 515 1414 XLV.
566 1343 677 1434 Apud
709 1341 878 1413 Nonium.
901 1365 936 1434 p.
958 1347 1007 1416 33
1033 1349 1090 1416 ed.

71 1433 168 1510 llere.
197 1439 350 1532 legitur:
401 1440 633 1530 „seriana
674 1445 776 1516 triste
808 1451 845 1514 et
876 1446 980 1536 quasi
1012 1447 1091 1517 sine

70 1539 143 1610 risu.
178 1537 232 1611 M.
257 1541 436 1614 Afranius
460 1539 690 1638 Privigno;“
721 1555 758 1618 et
782 1568 817 1636 p.
839 1543 932 1618 409:
969 1545 1090 1632 „Tri-

13 1669 15 1690 a
71 1646 144 1728 ste,
173 1664 354 1714 severum.
398 1639 444 1716 G.
470 1645 647 1718 Afranius
671 1643 892 1740 Privigno.“
944 1647 1008 1718 Sic
1033 1650 1089 1720 ed.

13 1819 15 1830 γ
70 1735 167 1814 llere.
216 1743 263 1814 Iu
296 1744 560 1838 antiquioribus
588 1749 669 1820 edd.
696 1757 759 1823 aut
790 1755 887 1820 totus
910 1749 1092 1839 posterior

13 1831 19 1908 l
70 1841 155 1915 locus
178 1867 253 1916 non
277 1847 472 1938 reperitur,
498 1855 562 1921 aut
586 1856 685 1920 certe
707 1851 846 1937 littera,
872 1871 1091 1940 praenomen

13 1941 15 1994 l
71 1943 271 2036 significans.
322 1946 520 2020 lllanifesto
545 1951 603 2022 isti
618 1949 784 2020 Marcelli
805 1950 895 2037 loci,
921 1950 1090 2043 quoniam

71 2065 126 2116 neo
153 2048 246 2120 inter
278 2071 321 2120 se
345 2053 572 2124 consentiunt
604 2057 641 2122 et
665 2051 756 2122 alias
780 2049 923 2122 Nonius
947 2075 1091 2145 semper

70 2167 275 2234 praenomen
299 2152 446 2240 omittit,
481 2175 608 2245 parum
632 2152 849 2245 impediunt,
876 2175 946 2244 quo
972 2156 1091 2226 minus

70 2243 112 2319 M.
147 2250 263 2324 Tullii
307 2255 512 2327 testimonio
559 2257 760 2326 credamus.
823 2253 931 2326 Duos
970 2267 1090 2326 autem

13 2363 17 2400 t
71 2348 168 2424 inisse
203 2356 400 2446 Afranius,
446 2357 652 2428 fabularum
683 2357 899 2448 scriptores,
938 2358 1090 2428 alterum

13 2543 14 2548 Ἰ
71 2449 155 2526 illum
177 2465 383 2550 togatarum
407 2465 567 2550 poetam,
600 2460 769 2546 alterum,
804 2480 911 2552 quem
935 2481 1089 2530 comme·

71 2571 168 2628 morat
189 2553 341 2647 Cicero,
373 2560 412 2630 id
433 2563 530 2653 quod
555 2561 641 2630 olim
664 2560 828 2630 nonnulli
854 2560 1090 2652 opinabantur

72 2655 144 2744 [vid.
170 2655 356 2752 Gyraldus
388 2661 434 2732 de
458 2658 608 2734 Poetar.
640 2657 878 2748 atst.v111.‚
919 2657 1014 2753 Opp.
1040 2661 1087 2734 Τ.

70 2751 111 2828 Π.
133 2781 165 2850 p.
182 2762 297 2858 422),
331 2784 441 2854 quum
465 2763 502 2834 in
527 2771 628 2835 tanta
653 2765 698 2834 de
723 2761 879 2834 Afranio
906 2752 1013 2853 poeta
1037 2772 1088 2834 te·

70 2859 302 2933 stimoniorum
327 2864 571 2952 multitudine,
605 2866 701 2959 quod
727 2863 778 2933 illi
803 2873 982 2950 statuunt,
1017 2866 1088 2934 dis·

70 2961 185 3036 crimen
217 2968 312 3036 adeo
343 2967 566 3060 negligatur,
605 2974 664 3054 ut,
700 2967 733 3036 si
757 2964 945 3037 Ciceronis
970 2968 1089 3038 locum

71 3068 99 3130 et
124 3065 251 3138 dubios
282 3065 394 3138 Nonii
424 3066 591 3139 Marcelli
624 3069 832 3158 exceperis,
867 3090 913 3138 ne
938 3091 1089 3160 praeno·

69 3183 137 3236 men
159 3170 304 3262 quidem
328 3169 390 3239 vel
413 3192 615 3262 cognomen
650 3171 822 3256 addatur,
865 3171 932 3240 sed
956 3170 1089 3262 ubique

70 3269 233 3360 tamquam
265 3271 311 3340 de
335 3293 409 3341 uno
435 3273 633 3364 eodemque
659 3292 778 3342 sermo
804 3271 870 3356 sit,
913 3271 982 3341 ista
1013 3272 1089 3362 opi·

70 3370 195 3442 natione
222 3372 312 3442 nihil
336 3381 455 3464 potest
480 3395 561 3446 esse
588 3373 870 3462 improbabilius.

154 3471 311 3552 Quando
344 3481 450 3546 natus
483 3474 530 3546 sit
561 3473 738 3546 Afranius
771 3480 897 3564 poeta,
944 3480 1088 3544 veteres
1224 3499 1227 3507 ’

71 3573 158 3644 nobis
187 3597 261 3646 non
293 3576 535 3664 tradiderunt,
573 3599 661 3660 nec,
694 3577 838 3669 quando
863 3575 940 3672 vita
965 3575 1088 3644 deces-

13 3677 15 3716 ξ
71 3675 152 3746 serit.
208 3675 365 3748 Exstant
397 3685 517 3748 tamen
557 3679 693 3770 aliquot
722 3676 813 3762 loci,
854 3678 902 3746 ad
934 3683 1089 3747 astartem
1215 3729 1224 3750 .

71 3770 135 3845 eius
162 3779 405 3872 indagandam
437 3779 534 3851 haud
565 3779 721 3851 inutiles.
773 3775 936 3848 Velleius
962 3773 1088 3846 Pater·

72 3875 159 3953 eolus
179 3879 213 3951 Ι.
241 3881 300 3953 17.
326 3882 366 3953 1:
394 3879 508 3967 „Nisi
534 3903 666 3974 aspera
692 3887 729 3950 ot
753 3879 858 3951 rudia
882 3883 1026 3969 repetas
1054 3886 1090 3948 et

73 3969 196 4053 inventi
214 3981 400 4053 laudanda
423 3983 586 4072 nomine,
622 3984 659 4052 in
683 3981 787 4052 Attio
813 3980 981 4072 curaque
1007 4003 1091 4050 eum

73 4068 220 4154 Romana
251 4083 443 4178 tragoedia
475 4094 548 4173 est3
582 4085 777 4176 dulcesque
803 4081 926 4152 Latini
958 4083 1090 4172 leporis
1234 4081 1245 4105 “

74 4173 208 4256 facetiae
248 4207 314 4280 per
352 4184 551 4260 Caecilium
591 4185 872 4276 Terentiumque
914 4189 949 4252 et
981 4184 1089 4268 At'ra·
