2790 4970
1090 373 1186 456 249'

154 561 169 578 ⁶
266 563 275 577 ·
358 548 814 614 ····-·snnnn.···
918 593 922 603 .
1049 533 1126 602 ‘H'

283 665 286 670 ’
346 681 349 686 ·
406 673 409 680 ’
473 723 477 730 -
580 659 584 669 ’
635 658 670 750 'a
721 723 729 733 -
959 642 971 774 s,

220 806 329 870 Gellina
347 805 427 869 Xlll.
448 813 484 870 8:
511 803 650 882 „Eximio
676 806 731 866 hoc
757 811 844 885 otone
869 803 1017 867 rerieeine
1042 804 1178 868 Ahanina

136 897 223 972 poeta
252 894 289 953 de
320 891 469 976 gignenda
504 891 746 972 conparandaque
783 889 924 972 rapientia
958 891 1090 972 opinetne
1123 900 1177 966 ert,

135 979 212 1056 qnod
226 971 301 1038 ‘aaa
327 977 412 1037 liliam
440 995 505 1037 enne
530 993 599 1036 naue
627 983 660 1036 et
683 976 835 1036 memoriae
862 975 944 1036 dixit.
988 977 1031 1035 llo
1058 969 1178 1058 o‘nnpno

118 1065 306 1143 'argumento
339 1059 527 1134 de'nionntrlat,
562 1061 610 1142 qni
641 1057 682 1142 (ai
709 1057 805 1142 qniel)
841 1061 955 1140 eapienr
988 1078 1052 1121 esne
1084 1081 1178 1122 rernnn

134 1145 319 1206 humanarum
345 1147 428 1220 velit,
458 1167 514 1206 non
544 1146 624 1207 lihria
651 1145 720 1206 rolin
742 1145 1008 1226 neqno‘dinelplinin
1030 1147 1178 1224 rhetoricis

137 1231 363 1312 dialecticisque
380 1251 450 1312 opne
483 1246 561 1302 enee,
594 1231 644 1291 aed
677 1238 809 1310 oportere
836 1248 898 1290 enm
929 1231 1036 1291 vernari
1067 1250 1178 1311 quoqne

135 1317 322 1395 exercerique
350 1316 378 1375 in
407 1317 492 1375 rehun
521 1315 712 1374 coronacihne
741 1315 892 1374 noscendis
921 1315 1177 1396 periclitandisque,

106 1401 110 1410 “
135 1419 228 1479 eeqno
259 1401 354 1460 onnia
381 1409 446 1460 acta
477 1407 506 1460 et
533 1409 634 1462 eventa
660 1398 778 1459 firmiter
806 1397 979 1472 nae-iniere,
1011 1407 1040 1460 et
1060 1402 1179 1482 proinde

135 1505 239 1566 capere
260 1505 295 1546 ne
315 1484 465 1547 eooanlere
486 1505 524 1546 ex
545 1485 605 1556 hh,
634 1503 707 1566 qnae
733 1484 858 1564 pericula
878 1483 941 1564 ipae
961 1501 1053 1544 rernm
1076 1487 1179 1546 docan-

134 1570 208 1642 rint,
239 1590 296 1629 non
318 1589 391 1650 quae
413 1569 483 1642 libri
498 1577 607 1631 onon
627 1586 662 1630 ao
683 1569 813 1652 nagietri
833 1589 884 1648 per
904 1569 1038 1648 quendam
1059 1571 1180 1630 inanitu-

134 1659 182 1716 te·
201 1654 350 1716 verborum
372 1663 402 1714 et
423 1654 592 1736 imaginum,
621 1661 758 1734 tanquam
781 1653 811 1714 in
832 1653 915 1713 mimo
937 1655 1037 1717 autin
1059 1655 1178 1728 sonnio,

137 1739 352 1802 delectaverint.
401 1739 509 1800 Verane
540 1739 652 1800 Afranii
688 1745 756 1800 eunt
786 1737 816 1802 in
847 1746 968 1820 togata,
1006 1738 1052 1801 cui
1084 1741 1180 1800 Sellae

134 1843 238 1884 nonen
261 1831 324 1884 eat:

186 1909 284 1982 Ueris
310 1929 369 1980 me
394 1908 529 2001 genuit,
555 1897 676 1979 molter
699 1907 839 1999 peperit
864 1897 1065 1997 Mdmoria3

187 2008 361 2102 Sophiam
388 2015 521 2081 vocant
544 2032 602 2080 me
630 2001 747 2096 Graiii,
774 2031 841 2080 voe
867 2007 1128 2101 Sapientiam.“

134 2117 250 2171 nater
277 2111 427 2190 peperit.
456 2111 527 2170 cod.
555 2111 675 2189 Gaelph.
701 2116 814 2170 mater
834 2130 884 2169 me
905 2111 1067 2192 peperit,
1089 2111 1178 2171 invito

134 2203 238 2254 metro.
265 2228 307 2240 -
329 2195 508 2275 Sophiam.
539 2195 636 2274 Steph.
658 2193 816 2275 Σοφίαν.
837 2227 880 2240 -
900 2195 1027 2255 loannes
1049 2196 1179 2255 Sarisho·

135 2279 241 2340 niensis
267 2278 304 2339 de
328 2279 422 2362 Nugin
451 2281 550 2340 curial.
567 2280 614 2339 lv.
633 2287 668 2341 δε
691 2279 875 2359 „Philosophi
896 2289 1008 2341 veteres
1029 2281 1179 2361 imaginem

137 2364 305 2443 Sapientiae
342 2385 411 2445 prae
436 2363 546 2424 forihne
583 2364 704 2424 omniurn
743 2365 907 2444 templorum
939 2365 1020 2446 pingi
1048 2373 1079 2424 et
1109 2366 1179 2423 haec

135 2449 225 2511 verba
246 2448 332 2509 ecrlhi
354 2450 457 2509 dehere
471 2455 657 2509 consuerunt:
680 2450 774 2510 Uene
795 2469 844 2508 nae
866 2449 1180 2535 genuitppnperit

135 2533 327 2605 Menaria3
358 2533 532 2613 Sophiam
558 2553 608 2593 nro
639 2540 771 2593 vocant
792 2534 909 2606 Graii,
936 2554 1000 2596 voe
1031 2535 1179 2614 Sapien-

136 2618 255 2678 tian.“
297 2619 434 2678 Videntur
451 2619 536 2678 hoec
564 2635 604 2678 ex
636 2619 759 2698 prologo
793 2617 939 2699 dernnpta
968 2638 1032 2680 eoae
1069 2619 1179 2700 ipsique

136 2703 303 2784 Sapientiae
323 2702 437 2786 prologi
456 2711 553 2784 partes
573 2703 696 2764 nihatae
716 2701 815 2764 fniaae.

535 2829 537 2838 ’
637 2837 672 2896 ll.

221 2955 382 3015 Macrobius
404 2957 519 3016 Satura.
535 2956 570 3014 ll.
590 2963 629 3018 16
652 2953 688 3016 de
708 2955 810 3016 ficuum
837 2954 991 3038 generibus
1019 2975 1111 3038 agenn
1138 2957 1179 3017 ita

136 3038 251 3123 pergitt
280 3039 400 3111 „iluidl
428 3041 503 3118 qnod
534 3039 617 3100 ficana
645 3048 783 3120 tanquan
811 3059 868 3100 non
899 3060 1009 3120 pomum
1030 3042 1180 3104 secernia

87 3171 89 3176 .
136 3124 230 3204 panio
251 3124 325 3204 apnd
346 3125 464 3185 idoneor
485 3125 657 3205 reperierunt
677 3125 812 3185 Afraniae
833 3125 862 3184 in
884 3125 977 3198 Sella:

190 3206 358 3296 Pomnm,
386 3212 477 3297 elue,
504 3209 622 3296 ficunt,
649 3217 798 3281 uvam.“

138 3309 252 3370 Sella.
285 3311 444 3390 Stephanae
473 3311 635 3383 annoovit,
656 3311 685 3370 in
706 3312 785 3394 vulg.
808 3311 875 3370 edit
896 3311 956 3392 legi
978 3310 1088 3371 Selia.
1120 3306 1179 3370 Sed

82 3463 84 3468 ¹
136 3393 222 3454 hodie
237 3395 324 3476 vulgo
342 3385 449 3476 legithr
464 3396 576 3466 Sella,
598 3401 630 3454 nt
646 3396 720 3475 apud
736 3395 865 3456 Gellium.
887 3428 930 3442 -
950 3415 1058 3457 uram.
1080 3395 1179 3476 Steph.

137 3497 214 3541 uva.
237 3512 279 3524 -
299 3480 455 3555 Pomona,
477 3481 587 3541 maleno.

334 3744 338 3755 '
464 3692 857 3812 annuenda.

649 3884 672 3945 l.

224 4001 333 4061 Noniae
364 4025 391 4084 p.
410 4009 471 4064 124
493 4003 537 4063 ed.
558 4001 662 4061 More:
700 4001 795 4074 „leit
815 3998 958 4084 significat
979 4000 1117 4081 percutit,
1144 4003 1179 4062 ah
1266 4019 1269 4028 ·

139 4084 207 4144 ictu.
229 4105 272 4131 -ὲ
292 4083 427 4148 Afranius
447 4087 477 4146 in
498 4087 670 4146 Simulante:

190 4163 363 4262 moon,
389 4175 536 4268 haupt,
561 4172 705 4266 rampo,
730 4169 794 4243 iat
818 4168 995 4264 poenae
