2774 4972
1034 358 1112 438 tm

49 483 53 488 ⁵
96 557 157 610 m
179 537 306 628 mam,
331 561 440 634 qm
459 536 704 612 ammam
722 537 816 608 ato
836 529 1011 627 amoos
1037 537 1110 611 ers·

95 641 204 733 guda
222 663 267 714 ac
285 642 482 715 festivitate
499 640 724 713 excelluisse.
751 639 978 732 Quamquam
990 646 1112 713 autem

94 741 273 818 litaniam
301 743 460 816 mxime
493 765 576 814 eam
608 743 655 814 ob
686 761 763 812 rem
795 763 877 812 oum
908 739 1111 814 Menandro

94 853 324 936 comparatum
347 867 430 918 esse
454 853 554 938 pato,
578 843 676 937 quod
701 844 750 913 ad
774 843 882 914 buius
907 846 1111 935 exemplum

93 945 271 1036 scriberet,
303 946 340 1017 id
366 953 442 1035 est,
468 947 631 1039 singulos
655 945 774 1033 locos,
813 966 886 1014 non
919 953 997 1015 arte
1030 969 1112 1036 cum

93 1041 235 1120 Graecis
258 1049 423 1140 personis
448 1048 695 1133 cohaerentes,
722 1069 770 1121 ex
794 1047 890 1118 illius
914 1047 1049 1117 fabulis
1074 1049 1113 1119 ia

92 1169 166 1220 suus
190 1157 273 1240 apte
297 1151 519 1237 hanslerret,
545 1155 654 1242 atque
673 1149 818 1220 omnino
839 1149 877 1218 in
897 1169 1112 1240 componen-

91 1250 139 1320 dis
161 1252 236 1322 suis
260 1251 395 1322 fabulis
413 1249 718 1322 Menandrearum
742 1250 920 1321 rationem
944 1271 1112 1342 sequere·

91 1357 151 1437 tur,
167 1353 263 1439 sive,
289 1359 330 1424 ut
354 1353 407 1423 ait
431 1348 619 1424 Gesnerus
644 1353 692 1422 ad
712 1351 841 1423 Horat.
865 1352 890 1421 l.
917 1375 968 1437 c,
996 1347 1112 1424 Grae·

91 1473 145 1524 ras
166 1450 360 1524 Menandri
382 1455 528 1526 fabulas
559 1454 748 1526 commode
774 1451 908 1523 Latina
932 1459 1035 1524 veste
1059 1455 1112 1524 ln·

91 1554 222 1641 duaa,
256 1561 376 1626 tamen
401 1555 547 1628 minime
572 1577 688 1650 nego,
723 1555 832 1625 etiam
857 1555 988 1628 indolis
1013 1555 1113 1650 inge·
1199 1607 1202 1618 .

90 1654 200 1748 nilque
241 1656 419 1728 allinltme
456 1657 612 1748 quadam
650 1679 734 1728 eum
767 1653 961 1728 Menandri
998 1657 1114 1730 fuisse

90 1756 242 1843 similem,
267 1758 308 1829 id
331 1758 429 1852 qnod
452 1757 661 1832 Meinelrins
686 1779 827 1853 qnoque
851 1757 975 1830 statuit
999 1757 1113 1830 Prae·

89 1855 145 1928 lat
164 1860 211 1930 ad
224 1858 419 1932 Menandri
432 1869 469 1930 et
480 1858 704 1932 Philemonis
716 1859 886 1951 reliquias
899 1880 934 1950 p.
947 1857 1113 1933 XXXV.

89 1956 199 2032 lindie
224 1959 372 2054 quidem
396 1960 486 2034 nihil
511 1963 583 2032 iam
609 1967 731 2034 exstat
750 1961 846 2053 apud
860 1957 1112 2050 Menandrum,

89 2059 140 2132 cai
162 2083 211 2134 ex
234 2061 383 2134 Afranii
405 2063 618 2156 fragmentis
643 2061 778 2156 aliquid
796 2081 945 2153 prorsus
964 2083 1113 2154 respon-

89 2161 173 2234 deat
214 2161 296 2236 Sed
328 2185 419 2258 qum
449 2165 594 2238 fabulas
624 2170 701 2235 tum
724 2163 833 2234 huius
856 2169 933 2234 tum
958 2163 1113 2234 aliorum

59 2299 62 2304 ·
88 2264 309 2352 uull'nturmu
322 2267 537 2359 scriptorum
550 2265 770 2338 eladssimus
784 2271 989 2358 togatarum
1004 2271 1116 2357 poeta

87 2363 319 2440 mlacicndis
343 2369 420 2440 sais
444 2367 650 2463 respexisse
673 2366 792 2440 videri
816 2366 950 2459 possit,
979 2366 1015 2437 in
1040 2374 1113 2438 tra·

88 2469 216 2542 dandis
241 2469 403 2564 reliquiis
427 2469 676 2544 indicabimus.

12 2699 13 2722 ἦ
176 2619 238 2694 Ex
270 2620 446 2694 Romanis
473 2622 707 2717 scriptoribus
731 2621 927 2696 Afranium
951 2621 1114 2693 studiose

11 2767 13 2788 .
86 2717 254 2795 imitatum
279 2745 362 2796 esse
387 2722 430 2797 (l.
457 2723 609 2814 Titiam,
634 2747 683 2797 ex
709 2721 887 2797 Cicerone
911 2723 1113 2796 didicimus.

85 2817 180 2895 ldem
212 2827 277 2896 ille
302 2822 490 2898 ciceronis
513 2827 617 2899 loeus
642 2826 794 2900 adduxit
818 2823 1039 2898 Kordesium
1065 2827 1115 2898 ad

85 2917 308 2998 Eberhardtii
339 2927 499 2999 libellum
534 2929 581 2999 de
607 2929 737 2999 artium
761 2927 992 2998 humanitatis
1016 2933 1115 2998 statu

85 3047 135 3116 ap.
159 3025 269 3106 Rom.
284 3050 321 3120 p.
337 3027 400 3116 68,
420 3035 460 3100 at
474 3029 582 3100 etiam
595 3027 632 3101 in
647 3030 863 3122 fragmento,
888 3031 985 3121 quod
1004 3030 1114 3100 modo

85 3147 126 3198 ex
148 3124 341 3200 Macrobio
367 3131 563 3218 attollimus,
588 3132 701 3203 verbo
723 3129 890 3202 Latino
916 3128 959 3202 0.
976 3128 1116 3201 Titium

84 3227 274 3320 significari
292 3237 453 3324 putaret3
478 3255 547 3303 nec
561 3254 669 3326 nego,
690 3233 878 3324 probabile
896 3254 988 3318 esse,
1004 3232 1115 3302 Afra·

83 3329 184 3418 nium,
212 3355 323 3424 quum
348 3333 411 3402 illa
436 3335 621 3421 scriberet,
649 3336 695 3406 de
722 3332 765 3405 (l.
792 3332 894 3405 Titio
920 3333 1114 3425 cogitasse.
1265 3393 1267 3398 .

82 3425 142 3502 Est
166 3439 289 3504 tamea
314 3433 416 3506 lorus
441 3435 493 3504 ita
519 3441 760 3526 comparatus,
787 3445 827 3504 ut
850 3456 923 3505 nou
951 3456 1043 3524 opus
1069 3434 1116 3504 sit

82 3549 184 3604 unum
216 3541 357 3606 tantum
389 3535 599 3627 scriptorem
632 3535 804 3608 Latinum
836 3535 1055 3626 intelligor&
1080 3545 1117 3604 et

83 3639 148 3719 est,
173 3639 274 3728 qnod
304 3659 363 3706 me
388 3648 553 3725 moveat,
578 3643 619 3708 ut
644 3636 860 3709 Terentium
884 3658 1026 3729 quoque
1050 3635 1116 3706 im·

82 3735 198 3822 primis
230 3737 436 3828 respexisse
470 3740 625 3811 arbitrer
656 3745 861 3830 togatarum
893 3737 1115 3829 scriptorem.

82 3830 326 3911 Pervenerunt
351 3839 446 3912 enim
471 3841 519 3912 ad
543 3862 611 3912 nos
636 3839 751 3931 ipsius
777 3840 906 3911 verba:

125 3938 336 4025 „Terentio
361 3963 436 4014 uon
461 3941 615 4014 similem
641 3943 741 4014 dices
766 3940 1015 4035 qnempiam.“

84 4049 176 4130 (laid
197 4057 307 4150 igitur
327 4059 550 4148 probabilius
569 4066 636 4146 est,
656 4081 763 4152 quam
784 4080 866 4129 enm
886 4057 982 4142 huic,
1009 4079 1117 4150 quem

84 4159 243 4232 omuibus
268 4167 515 4252 anteponeret,
543 4167 681 4232 tantum
706 4181 849 4255 qaoque
870 4159 1051 4247 tribuisse,
1076 4167 1117 4232 ut
