2772 4968
251 359 401 440 lae..

252 519 404 598 a'Titinio
424 549 541 614 prorsas
563 533 761 594 monendum
781 529 887 606 violem,
920 551 1009 612 snpra
1027 537 1210 592 normann
1235 539 1283 592 est.

251 620 402 682 Probabile
424 626 517 679 autem
539 617 630 679 villeri
648 627 761 700 posset,
790 619 900 690 Varo,
932 618 1066 690 Varro,
1094 619 1205 677 Varto
1230 635 1283 676 mu·

251 708 367 766 tendum
388 723 452 764 esse
474 706 502 762 in
525 705 697 775 barbato,
720 704 745 763 si
765 703 836 763 illud
855 722 913 762 uno
934 711 1043 762 tantum
1064 703 1128 763 loeo
1149 708 1284 775 exstaret3

251 792 302 852 sed
324 800 370 851 ter
389 790 463 848 ilem
484 809 542 848 non
565 789 606 848 ita
626 789 716 849 simile
737 789 902 850 vocabulum
929 789 959 848 in
981 788 1099 848 eandem
1121 789 1223 848 abiisse
1242 787 1286 846 tle·

250 876 458 958 praenotionem,
480 894 551 953 qua,
573 875 648 953 qnod
664 874 709 934 vel
727 873 804 933 nulla
824 875 870 935 vel
887 873 1001 934 minima
1021 873 1176 933 mutatione
1198 879 1287 952 aptum

251 962 361 1021 titulum
388 959 519 1040 praebet,
551 960 665 1025 verbum
694 965 786 1018 ortum
813 959 867 1030 sit,
898 979 955 1018 non
984 965 1029 1018 est
1049 959 1191 1018 credibile.
1232 957 1286 1015 llo-

251 1047 327 1108 tbius
353 1044 470 1104 llnetuat
497 1045 571 1103 inter
598 1045 690 1102 Varo
718 1051 749 1103 et
773 1045 903 1122 Barro,
939 1045 1007 1102 illutl
1028 1049 1122 1103 enen
1149 1044 1178 1102 in
1198 1041 1287 1100 fronte
1378 1040 1379 1066 ³

248 1129 432 1209 reliquiarum
460 1149 578 1208 ponens.
631 1129 725 1188 lilinus
750 1130 901 1189 verisimile
929 1149 993 1188 esse
1020 1129 1160 1200 arbitrer,
1192 1128 1287 1205 nb'que

251 1212 356 1275 in'boe
376 1215 513 1275 vocabulo
526 1214 559 1290 ‚B
582 1214 609 1271 in
632 1214 657 1271 V
678 1214 841 1286 transiisse,
863 1234 944 1292 quam
966 1215 1115 1292 aliquoties
1136 1233 1152 1271 r
1173 1214 1192 1271 li
1235 1232 1287 1270 ram

146 1338 167 1361 .
252 1301 421 1380 duplicatam
452 1319 525 1358 esse.
578 1298 717 1370 Librarii,
750 1299 840 1358 minus
869 1300 1036 1360 sententiam
1067 1309 1149 1377 quam
1183 1298 1288 1378 singula
1378 1362 1379 1366 η

251 1386 339 1448 verba
366 1390 544 1464 spectantes,
574 1383 786 1462 inscriptionem
812 1385 961 1443 habuerint
989 1405 1040 1463 pro
1064 1383 1216 1453 Varronis,
1246 1381 1289 1460 qui

252 1471 338 1529 toties
360 1489 377 1528 a
399 1467 658 1541 Noniolautlatur,
688 1471 815 1540 nomine,
843 1470 872 1528 iu
895 1488 950 1547 quo
972 1471 1017 1529 vel
1039 1469 1230 1548 imprudentes
1248 1466 1289 1527 vel
1378 1467 1379 1472 ’

134 1621 138 1634 ,
252 1554 381 1615 consulto
413 1555 534 1612 litteram
567 1553 734 1612 addiderint.
778 1555 843 1619 (luo
872 1555 954 1614 etiam
976 1553 1080 1612 factum
1102 1554 1231 1623 videtur,
1261 1558 1289 1608 ut

252 1647 319 1700 ante
340 1638 416 1697 istud
437 1659 537 1697 nomen
559 1639 677 1716 ubique,
699 1657 779 1716 quam
804 1659 855 1697 eos
878 1640 1108 1717 praeposuimus,
1131 1639 1236 1696 omissa
1255 1636 1289 1694 sit

252 1724 286 1783 in
305 1723 493 1804 praepositio,
515 1743 588 1802 quae
609 1722 691 1794 alibi,
713 1724 742 1781 in
765 1724 830 1782 edd.
851 1726 962 1802 quidem
978 1724 1064 1795 Vem,
1087 1723 1162 1804 apud
1176 1721 1290 1781 Nonium

251 1809 313 1869 fere
335 1829 445 1888 semper
463 1807 622 1866 fabularum
644 1808 802 1868 nominibus
824 1808 951 1887 praefixa
978 1815 1104 1888 apparet.
1147 1809 1221 1866 Num
1245 1825 1291 1864 su·
1378 1831 1379 1844 2

252 1902 322 1965 tem,
344 1894 392 1972 qui
413 1893 440 1952 in
462 1895 515 1954 baa
536 1892 631 1952 fabula
652 1894 801 1972 prodiebpt
819 1895 926 1966 Varus,
948 1914 981 1953 re
1002 1914 1071 1955 vera
1091 1892 1181 1952 fuerit
1201 1910 1289 1961 varus,

251 1979 461 2144 isnptep'pgpppreo
484 1986 590 2038 tantum
612 1979 725 2037 nomine
745 1980 950 2058 appellaretur,
981 1999 1019 2038 ex
1041 1978 1214 2060 fragmentis
1240 1995 1290 2034 non

661 2195 892 2208 §m-

570 2281 973 2342 Vllhl'l'lllllllrl.

335 2524 446 2586 Nonius
467 2531 527 2605 pa
550 2525 595 2586 erl.
617 2527 719 2588 llere:
741 2527 911 2601 „Senium
932 2529 1022 2608 ipsum
1043 2527 1166 2610 positum
1177 2525 1291 2609 sie(pro

252 2609 349 2694 malo).
392 2611 521 2671 Titinius
541 2611 570 2670 in
591 2612 751 2673 Veliterno:

596 2739 644 2750 -
673 2697 785 2776 Quod
810 2700 934 2790 pestis,
962 2700 1066 2772 senia
1091 2707 1128 2769 et
1153 2699 1269 2791 iurgia
1378 2727 1379 2762 ι

301 2797 470 2869 Sesemet
495 2797 646 2870 aedibus
673 2802 932 2893 emigrarunt.“
957 2843 1007 2852 —

252 2900 354 2965 Quod
387 2900 519 2979 pestis,
558 2903 659 2961 senia
693 2904 755 2961 cod.
790 2903 909 2982 Guelpb.
943 2910 973 2962 et
1003 2904 1092 2963 Mero.
1126 2903 1199 2962 Ven.
1220 2900 1291 2960 l.ll.

252 2984 586 3063 Quodpetissenia.
620 2987 688 3046 Par.
720 2988 822 3053 ouon
848 2988 1073 3066 petisamnia.
1106 2989 1171 3047 Alo.
1194 2985 1292 3053 Quod

251 3069 372 3148 pestis
400 3069 514 3128 senio.
543 3071 610 3129 llas.
645 3073 743 3151 Stepb.
786 3074 882 3139 Quot
911 3081 1037 3152 pestes
1064 3073 1180 3132 senio.
1213 3071 1291 3139 lum,

250 3153 326 3213 unde
360 3154 449 3235 vulgo
493 3155 663 3229 hauserunt,
705 3158 801 3223 Quot
832 3165 970 3236 pestes,
1011 3157 1124 3218 senia.
1183 3157 1291 3216 Certior

250 3236 402 3297 manifeste
429 3245 475 3298 est
500 3241 641 3320 scriptura
668 3243 767 3308 lluod
789 3243 920 3321 pestis,
949 3244 1062 3302 senia.
1090 3277 1133 3287 -
1166 3250 1203 3302 et
1229 3242 1292 3300 iur-

250 3321 322 3403 gia.
351 3322 434 3382 Both.
458 3324 588 3406 iurgia.
615 3360 657 3371 -
685 3329 847 3386 Sesemet
868 3328 1028 3387 aedibus.
1058 3327 1107 3387 Sic
1130 3327 1292 3387 Gulielmius

253 3407 400 3466 Verisimil.
419 3409 441 3469 l.
463 3415 512 3469 Ἠ.
540 3410 621 3470 Libri
649 3419 804 3472 sesemet
830 3413 964 3472 diebus.
1003 3413 1119 3492 Lipsius
1147 3412 1291 3490 Antiquae

250 3492 316 3552 leet.
342 3493 433 3555 luo
469 3513 550 3554 sese
579 3497 668 3556 meis
703 3498 869 3570 aedibus,
907 3518 965 3558 nou
995 3498 1170 3577 improbante
1198 3495 1291 3556 llelrie

251 3578 287 3638 ad
321 3579 423 3639 Senee.
458 3577 602 3659 Hippolyt.
633 3589 711 3657 914,
747 3583 794 3662 qui
825 3583 905 3641 simul
937 3584 1051 3642 coniicit
1082 3590 1220 3662 septem
1251 3577 1292 3640 vel

250 3664 425 3723 lriseemet
454 3663 590 3725 diebus.
640 3669 724 3747 Cesp.
755 3669 851 3749 llartlr.
873 3669 992 3730 Advers.
1024 3668 1114 3727 xvll.
1144 3675 1172 3729 2.
1208 3668 1293 3726 Sese

244 3747 496 3817 missalibus.
533 3750 617 3812 Both.
646 3761 759 3813 semet
779 3753 939 3813 aedibus.

759 3874 794 3932 ll.

336 3977 446 4037 Nonius
457 4001 484 4060 p.
498 3987 561 4043 217
572 3981 616 4040 ed.
625 3983 730 4042 Mera:
754 3955 956 4054 „Paetinam
967 3979 1102 4042 feminino
1113 4001 1221 4064 genere
1230 3998 1293 4039 eon·

253 4063 403 4123 suetudine
416 4067 597 4145 appellamus.
609 4101 652 4112 -·-
664 4067 794 4128 Titinius
805 4076 907 4128 neutro
920 4067 949 4126 in
955 4066 1102 4131 Veliterno
1115 4067 1169 4128 diei
1180 4064 1292 4146 probat:

361 4189 411 4202 -
439 4152 563 4244 Atque
589 4154 661 4224 dria
689 4155 841 4246 postica,
867 4155 961 4247 quai
986 4159 1070 4228 loeo
1093 4150 1292 4224 mercede.“
