2772 4968
1080 363 1136 440 ab

1 541 2 544 ’
96 533 255 596 ebriwline
281 531 419 592 dicautur.
462 534 521 593 Pro
549 534 646 593 lluor
673 533 792 594 Botbius
820 536 921 594 exonii
942 536 1023 595 iussit
1041 535 1133 610 Duo,

96 627 129 680 ut
154 617 331 696 bcqnenuor
357 618 455 678 sibilus
476 619 631 679 tolleretur.
675 618 759 685 Quod
780 621 805 679 si
826 621 973 699 probares,
1004 621 1139 701 perinulti¹

97 704 146 764 alii
174 723 285 782 quoque
317 702 373 762 loci
399 703 451 762 tibi
477 705 603 762 mutandi
631 712 735 764 cuent
779 706 928 766 Caeterum
948 705 977 764 iu
999 706 1081 766 codd.
1103 713 1133 766 et

97 788 303 868 antiquioribus
326 788 407 861 edd„
434 794 469 846 ut
489 790 563 868 apud
584 789 682 868 Stepb.
704 809 829 869 quoque,
851 810 878 851 v.
895 798 915 852 ⁴
931 796 961 849 et
980 795 998 852 5
1019 789 1132 853 inverso

98 873 196 932 ordine
223 875 368 954 leguntur.
411 873 577 934 Emendavit
606 875 743 934 Muretus.
765 908 807 918 -
836 875 870 934 V.
891 883 919 937 6.
941 875 1132 936 immolare.

1 1027 2 1030 Ἴ
96 959 249 1038 Perperaru
271 959 369 1036 Stepb.
391 956 520 1017 Lambiu.
542 958 621 1018 Delr.
644 959 735 1019 Scriv.
757 959 841 1018 llotlr.
863 959 1039 1020 involare.
1071 961 1133 1018 Ma-

96 1042 201 1102 nifesto
230 1043 302 1102 euin
329 1043 383 1100 boc
412 1043 501 1103 voluit
530 1051 616 1121 poeta
647 1043 832 1121 Tarquinium
865 1044 973 1104 dicere:
1006 1044 1132 1103 Alterum

96 1127 245 1197 iro-olavi,
268 1127 348 1197 ulter,
369 1133 403 1185 nt
423 1127 538 1186 fratre·
554 1128 746 1199 ulcisceretur,
768 1128 899 1188 cornibus
915 1129 944 1186 iu
960 1149 1004 1187 ue
1020 1129 1132 1190 invasit.

1 1205 2 1214 ¹
96 1211 196 1274 Livius
219 1212 292 1270 llist
309 1213 330 1270 l.
354 1217 408 1272 57:
443 1214 566 1284 „Comes
586 1213 629 1270 bis
653 1213 705 1290 (T.
723 1221 753 1270 et
773 1214 873 1271 Aruuti
895 1213 1075 1294 Tarquiniis,
1097 1213 1134 1272 ud

1 1296 2 1301 ’
98 1297 239 1356 oraculum
258 1293 511 1376 proficiscentibus)
534 1297 644 1355 additus
663 1297 698 1355 L.
714 1297 815 1356 lunius
830 1299 942 1370 brutus,
964 1298 1132 1376 Tarquinia,

97 1401 197 1440 sorore
218 1381 313 1462 regis,
336 1388 433 1451 natus,
462 1382 571 1440 invenis
592 1382 679 1462 longe
700 1382 771 1440 alius
792 1383 923 1464 ingenio,
952 1401 1033 1460 qnam
1053 1382 1133 1442 cuius

98 1465 302 1525 simulationem
323 1465 461 1525 induerat.
506 1467 543 1537 ls,
566 1485 647 1544 quum
670 1467 805 1544 primores
827 1467 957 1538 civitatis,
980 1467 1008 1525 iu
1031 1467 1131 1546 quibus

1 1553 3 1564 '
97 1551 214 1610 fratrem
240 1569 319 1608 annor
351 1551 387 1609 ab
414 1551 552 1610 auunculo
579 1549 755 1610 intersectum
782 1552 971 1623 audivisset,“
1006 1559 1035 1610 et
1061 1570 1134 1629 qnae

98 1641 261 1714 emuntur.
302 1634 386 1694 Aries
419 1635 509 1715 igitur
541 1635 696 1694 immolatus
729 1635 847 1717 lingitur
877 1637 914 1694 ln.
941 1635 1019 1694 lunii
1051 1635 1133 1694 Bruti

98 1719 186 1778 frater
208 1718 389 1792 interfecto„
417 1720 542 1778 arietans
564 1727 607 1778 est
629 1721 689 1800 ipse
709 1721 745 1778 ln.
767 1721 869 1780 lunius
888 1723 1003 1780 Brutus.
1046 1721 1134 1779 l’rae·

1 1863 2 1878 q
99 1805 201 1864 clarior
227 1803 328 1862 dicitur
349 1804 396 1863 ille
423 1804 509 1875 alter,
541 1805 670 1882 quoniam
702 1805 809 1884 ingenii
831 1807 874 1864 sui
895 1804 1046 1864 facultates
1066 1824 1133 1876 nou,

1 1893 2 1966 l
99 1887 254 1960 utsrater,
287 1889 486 1948 occultaverat.
508 1921 549 1933 .„
583 1891 617 1948 V.
638 1897 686 1948 10.
713 1890 931 1968 Resupinuru
958 1889 992 1947 iu
1020 1889 1133 1948 coelo.

98 1975 192 2032 illinus
213 1980 291 2032 recte
313 1973 434 2032 0rellins
455 1993 517 2032 cum
538 1973 601 2032 aliis
623 1980 687 2052 post
707 1974 929 2053 lleenpinnur
950 1973 1133 2051 interpunxit.

98 2059 168 2118 llaru
195 2065 258 2117 arte
284 2058 484 2139 coniungenda
510 2065 576 2116 sunt
610 2065 826 2135 prostratum
859 2065 959 2116 terra
987 2057 1134 2136 Resupi-

100 2163 174 2201 num
197 2143 374 2202 contueri.
416 2143 480 2200 Alia
507 2141 716 2202 constructione
747 2149 777 2200 et
797 2161 834 2200 cx
856 2149 936 2220 parte
958 2141 1020 2199 aliis
1041 2140 1135 2202 verbis

1 2219 2 2234 ¹
100 2235 183 2306 polita
211 2227 330 2286 dixisset
361 2227 552 2305 resupinus
579 2226 668 2283 humi
696 2225 818 2285 iacens
840 2226 1047 2286 contuebar.
1077 2226 1135 2283 llo-

1 2317 2 2390 }
99 2313 174 2370 thius
207 2311 369 2370 annotavit:
402 2313 514 2385 „Versu
536 2319 585 2371 10.
614 2310 738 2388 loquitur
758 2317 791 2368 nt
820 2310 902 2367 borno
924 2312 1066 2380 Graecus,
1098 2308 1135 2368 do

100 2397 180 2456 coelo
202 2415 335 2466 sunaus,
362 2397 457 2474 itaque
477 2397 506 2454 in
528 2395 742 2473 septentriones
763 2415 925 2466 conversus,
948 2400 977 2452 et
998 2395 1136 2453 adextra

1 2473 2 2563 q
99 2481 206 2540 babens
235 2479 387 2551 orientem,
419 2499 474 2558 quo
502 2480 600 2539 mirurn
632 2486 694 2538 erat
723 2479 791 2538 t'erri
819 2481 854 2538 ab
885 2499 986 2539 occasu
1017 2480 1135 2538 solem.“

99 2567 164 2624 Non
192 2564 358 2623 constiterat
387 2571 480 2625 tanen
502 2565 664 2644 resupinus,
698 2571 731 2622 ut
751 2566 786 2624 ‹le
807 2565 887 2624 coelo
914 2571 1054 2634 renuet,
1085 2563 1135 2622 secl

98 2655 273 2730 prostratus,
309 2649 402 2728 cupito
431 2650 466 2708 ad
494 2650 634 2708 meridiem
667 2668 766 2720 remo,
802 2647 877 2708 sorte
907 2649 1014 2707 coelum
1043 2646 1136 2724 adspi-

1 2771 2 2789 .
97 2736 202 2796 ciebat.
224 2765 266 2778 -
293 2753 485 2792 maxumum
519 2754 559 2794 ac
584 2731 693 2792 Miris.
737 2734 786 2792 Sic
812 2733 895 2792 bodie
924 2733 1021 2812 vulgo.
1064 2730 1135 2788 oli·

98 2819 316 2899 distinguebant
346 2838 538 2878 maxumum
575 2820 624 2877 Ac
656 2817 776 2890 uirili,
819 2819 894 2896 quod
927 2825 1044 2876 metrum
1079 2835 1136 2874 nou

96 2904 168 2964 sert.
195 2937 237 2948 —
273 2904 306 2961 V.
325 2909 374 2964 12.
401 2901 543 2982 liquier.
571 2903 707 2962 llrellins:
739 2902 934 2981 „linquien
966 2902 1038 2960 Edu.
1070 2899 1136 2979 aliq.

1 3049 2 3064 q
98 2989 181 3069 prob.
203 2990 284 3046 Grut.
327 2986 629 3066 llecepitluallernanrl.
650 3019 693 3033 -
713 2985 831 3046 fluere
851 2988 938 3046 Mars.
956 3005 973 3046 e
990 2986 1079 3067 gloss.
1095 3015 1138 3031 -

1 3073 2 3140 ἶ
99 3073 215 3132 nitier
234 3072 331 3132 llario.
348 3077 444 3151 ensp.“
467 3072 640 3150 linquier‚
662 3071 777 3133 verbnru
793 3071 895 3150 quietis
907 3071 1049 3130 notionem
1064 3088 1138 3128 conr-

97 3160 236 3237 plecteus,
255 3159 308 3214 boc
322 3157 385 3216 loco
399 3163 444 3215 est
458 3157 592 3229 alienoru3
613 3155 732 3214 fluere
746 3162 834 3215 metro
849 3161 1004 3236 repugnat3
1026 3153 1141 3228 nitio}

99 3263 160 3301 non
182 3248 259 3300 esset
280 3241 475 3320 spernendum,
496 3242 522 3300 si
543 3241 669 3300 codicum
691 3241 861 3300 auctoritate
873 3241 1021 3300 niteretur.
1050 3239 1140 3308 Beue,

97 3327 218 3406 opinor,
245 3326 379 3384 Bothius:
403 3325 614 3397 „llarllatum
635 3325 725 3384 habeo
746 3344 797 3406 pro
820 3325 935 3404 supino,
957 3343 993 3384 uo
1014 3321 1141 3402 frigeant

1 3465 2 3468 ,
97 3410 184 3470 simul
211 3409 304 3480 illata,
339 3411 502 3488 praesertim
530 3411 591 3470 sine
623 3410 738 3488 copula,
772 3409 911 3471 allectiva
938 3409 1008 3479 duo,
1042 3407 1141 3467 llam·

1 3559 2 3569 p
97 3513 209 3554 mensu
231 3499 261 3554 et
280 3495 466 3554 radiatum.
498 3495 611 3554 llicitur
633 3493 709 3554 orbis
726 3494 794 3553 solis
815 3494 961 3574 liquier‚
983 3493 1002 3552 i.
1015 3511 1041 3551 e.
1062 3489 1142 3569 quasi

1 3573 2 3622 ἶ
98 3577 233 3640 diffluere
258 3585 289 3638 et
309 3579 407 3661 spargi
430 3598 481 3658 per
501 3581 624 3653 molum,
654 3580 831 3640 dextrorsum
838 3624 847 3654 ,
880 3587 913 3639 ut
939 3578 1032 3638 radiet
1057 3591 1142 3634 cuma

99 3667 208 3725 novo.“

603 3767 650 3826 lll.

190 3883 333 3941 Cicerol.
355 3902 380 3942 c.
403 3881 444 3942 sic
466 3883 572 3964 porgit:
597 3883 687 3955 „llius
708 3882 796 3964 igitur
817 3883 918 3944 somnii
939 3902 957 3942 a
977 3879 1145 3940 coniectori-

101 3971 159 4029 bus
179 3985 253 4044 quae
273 3967 311 4028 sit
332 3967 527 4048 interpretatio
548 3965 635 4041 facta,
655 3967 813 4029 videamus:

1 4055 2 4083 l
156 4051 257 4140 Rex,
286 4073 380 4144 quae
411 4054 449 4126 iu
477 4055 552 4124 vita
572 4057 748 4148 usurpant
766 4051 949 4137 homines,
975 4048 1150 4144 cogitant,

721 4159 858 4242 curtat,
882 4153 1024 4244 vident,
