2774 4972
1082 387 1161 464 215

171 557 218 628 Δ.
253 549 433 628 Meretrix
465 579 546 628 cum
579 565 682 628 veste
714 557 846 730 ldnglat
878 557 922 630 B.
957 556 1158 652 Peregrina

727 681 767 729 ru
803 683 871 729 oco

171 757 277 829 Solet
296 760 434 828 tutandi
457 761 567 830 codsa
590 782 673 832 sese
699 763 887 831 admere.“

118 861 245 1004 Bappo&
267 868 300 918 ut
332 860 460 932 videtur,
500 862 571 920 baso
602 862 677 922 inter
708 863 778 922 duos
809 881 945 943 personas
974 861 1064 922 divisa
1094 869 1159 922 suot

118 964 139 1003 a
246 965 273 1003 o.

205 1197 350 1275 Exceptus
378 1195 491 1257 videtur
517 1196 542 1256 is
574 1215 651 1268 asse,
681 1197 729 1276 qui
756 1196 816 1258 sata
836 1139 889 1259 sud
910 1203 1008 1258 narrat
1028 1195 1156 1279 tragion.

118 1279 186 1339 Xlt.
206 1281 285 1340 xru.
306 1281 384 1341 XIV.

465 1550 815 1612 FRATRES.

203 1682 337 1743 Rotbiusz
359 1684 528 1758 „Frustra,“
550 1685 649 1764 inquit,
672 1705 734 1759 „ex
756 1685 838 1744 huius
859 1685 950 1744 nostri
966 1684 1155 1744 Fratribus

116 1767 234 1827 laudata
254 1769 328 1848 apud
349 1769 502 1848 scriptores
523 1770 620 1848 steph.
643 1770 793 1851 distinguit
813 1770 849 1828 ab
870 1770 914 1841 iis,
936 1789 1008 1848 quae
1029 1768 1156 1828 referun-

116 1859 167 1910 tur
186 1855 222 1911 ad
251 1853 435 1924 Fratrias,
467 1873 528 1912 cunr
560 1874 616 1914 ona
643 1855 794 1932 eademque
824 1855 894 1913 haee
924 1855 962 1912 sit
988 1853 1096 1925 fabula3
1127 1854 1156 1911 id
1257 1895 1260 1904 .

116 1937 194 2016 quod
217 1937 278 2015 ipse
301 1937 461 1996 cantitetur.
495 1939 685 1996 Fratribus
707 1937 854 2017 scripsisse
875 1937 1014 2010 videntur,
1037 1937 1084 2016 qui
1104 1957 1155 2016 pro

117 2041 156 2080 ao
179 2024 299 2100 positum
322 2021 469 2080 fratriis
492 2040 635 2100 perperam
658 2023 853 2080 existimarent
866 2043 917 2101 per
932 2021 1156 2080 soloecismum.“

116 2107 210 2166 Unam
233 2108 403 2184 eandemquc
431 2109 503 2165 tiana
525 2127 587 2166 esso
608 2106 743 2177 fabulam,
768 2107 935 2188 intelligitur
956 2127 993 2166 ex
1015 2126 1059 2178 eo,
1081 2105 1157 2185 quod

116 2192 232 2269 saepius
259 2193 354 2250 eadem
386 2191 547 2272 fragmenta
574 2199 630 2250 tum
659 2212 696 2250 ex
723 2193 842 2251 Frutriis
869 2199 926 2250 tum
950 2213 987 2251 ex
1009 2192 1156 2250 Fratribus

1 2292 2 2296 ’
116 2275 277 2335 laudantur.
320 2277 602 2336 bidd.'·Fratriarum
634 2275 764 2357 fragium.
787 2278 821 2336 ΙΙ.
851 2279 898 2335 ΙΙΙ.
927 2277 974 2334 lv.
1002 2277 1048 2335 vt.
1076 2274 1155 2336 tht.

115 2361 194 2419 xit.
221 2362 284 2419 XV.
323 2363 422 2420 Veram
456 2369 549 2420 antem
584 2361 792 2441 inscriptionem
829 2381 893 2420 esse
923 2361 1066 2431 Fratrias,
1097 2380 1155 2418 non

115 2447 249 2517 Fratres,
281 2453 386 2504 eertum
416 2453 460 2504 est
486 2467 543 2504 nou
571 2446 634 2504 ideo
667 2455 788 2518 tuntum,
820 2446 895 2525 quod
915 2445 964 2505 iiia
985 2446 1071 2504 mutto
1093 2444 1155 2523 plus

114 2531 202 2590 habet
223 2531 415 2600 auctoritatis,
444 2551 525 2609 quarn
547 2532 647 2600 altero,
669 2531 719 2590 sad
741 2531 840 2602 etiam,
869 2532 943 2609 quod
964 2529 1154 2588 Fratribus

113 2613 227 2674 facilius
256 2616 324 2674 o'riri
351 2616 442 2694 potuit
470 2635 508 2675 ex
528 2615 701 2688 Fratriis,
734 2635 816 2693 quarn
835 2615 993 2674 Fratriis
1014 2635 1052 2674 ex
1073 2614 1153 2672 Fro-

114 2701 249 2770 tribus‚
287 2702 361 2778 quod
389 2700 494 2759 fuctum
522 2720 586 2760 esse
614 2700 736 2759 arbitror
767 2720 805 2758 ax
833 2699 990 2775 Fratris,
1022 2700 1052 2758 in
1080 2699 1153 2776 quod
1238 2689 1243 2700 ’

114 2785 269 2844 transierat
290 2785 456 2844 Fratriis.

435 3053 834 3114 radualdo.

621 3191 643 3248 Ι.

202 3305 311 3364 Nonius
339 3329 366 3384 p.
385 3314 424 3367 28
446 3308 490 3366 cd.
513 3305 616 3366 Mera:
650 3306 840 3378 „Merenda
860 3305 962 3365 dicitnr
981 3307 1075 3378 cibus,
1107 3306 1155 3383 qui
1229 3353 1234 3370 ,

111 3391 200 3448 datur
219 3399 284 3468 post
306 3392 455 3450 meridiem.
498 3391 633 3451 Afranius
653 3393 683 3450 in
704 3391 838 3449 Fratriisz

165 3469 327 3545 ‘Interim
354 3478 561 3548 merendam
590 3499 761 3564 occurr03
798 3478 844 3545 ad
873 3476 1020 3543 coenam
1044 3495 1153 3564 quum

723 3569 821 3662 veni,
848 3578 992 3646 iuvat.“

1 3641 2 3647 Ν
111 3677 285 3736 stettin.
320 3679 389 3736 eor.
420 3677 538 3757 aucupi.
568 3680 638 3739 ven.
657 3681 677 3738 r.
702 3680 736 3737 u.
764 3679 831 3736 raa
854 3679 916 3736 nra.
944 3676 1084 3734 fratris.
1111 3693 1176 3720 -ν

110 3762 269 3820 Interim.
293 3763 362 3820 Cud.
387 3764 504 3841 Gueipb.
527 3765 637 3836 inter3
661 3764 725 3821 item
748 3763 880 3833 Botlrius,
913 3761 1034 3840 ineptam
1057 3759 1153 3817 diceus

105 3847 263 3924 ¹lectionem
286 3847 443 3906 iuterim.
472 3848 639 3928 Perperarn,
663 3850 772 3927 opinor.
812 3847 867 3913 erui
896 3846 967 3904 enim
990 3844 1154 3922 pronuntiat
1205 3861 1208 3866 ·

112 3932 215 3989 inter
237 3933 433 3990 merendam
457 3953 623 4004 occurro,
641 3934 665 3991 is
684 3932 843 3992 necessario
860 3932 943 3989 etiam
960 3931 1023 3999 scit,
1036 3951 1067 3987 se
1080 3930 1154 3987 iuter
1257 3973 1259 3978 .

111 4016 272 4094 merendam
296 4037 453 4088 occurrero,
477 4037 566 4096 neque
588 4019 691 4076 addere
713 4025 806 4098 potest
827 4017 868 4075 ad
889 4035 1032 4074 coenam
1055 4033 1153 4091 quum

60 4155 61 4160 ,
111 4101 210 4172 vesi,
243 4101 353 4162 iuvat.
396 4103 597 4163 blerendarn
620 4112 713 4163 autem
735 4103 794 4173 vel,
826 4103 900 4180 quod
922 4101 996 4160 idern
1023 4105 1080 4172 est,
1109 4099 1152 4156 ad

110 4187 307 4246 merendam
330 4207 481 4247 occurro
502 4188 587 4248 etiam
608 4189 749 4247 ia'diccra
771 4193 874 4265 potest,
896 4186 942 4264 qui
959 4191 1065 4244 tanturn
1082 4203 1149 4242 con·
