2824 4966
285 347 336 425 18

285 518 467 615 tiuuis³⁹):
501 513 741 604 „Dicitur—
754 513 908 588 Plautus
929 517 977 587 ad
1001 515 1189 607 exemplar
1209 514 1323 588 Siculi

283 642 478 713 properare
517 617 724 710 Epicharmi
731 625 775 706 ,⁶⁶
823 617 954 708 politae
997 617 1114 689 Siculi
1151 614 1323 689 Plautum

282 724 399 795 fuisse
445 720 660 791 imitatorem
700 721 738 790 in
781 721 1031 812 componenda
1076 719 1146 790 hac
1183 721 1322 794 fabula.

282 823 380 896 Nam
411 823 555 894 Horatii
593 825 707 894 verba
745 829 782 892 et
813 821 944 893 referri
974 828 1127 912 possunt
1161 830 1198 892 et
1229 825 1322 894 rele-

283 927 397 996 reuda
429 931 515 995 sunt
552 922 600 996 ad
632 925 723 995 alias
763 923 926 1009 fabulas,
966 945 1058 1016 quas
1096 922 1324 994 Sarsinatem

285 1049 334 1098 ex
347 1026 596 1119 Epicharmeis
610 1025 741 1097 Latine
758 1026 986 1116 expressisse
1008 1024 1217 1123 consata).
1247 1023 1323 1096 lda-

283 1130 367 1200 dem
392 1129 563 1220 denique,
597 1150 691 1220 quae
715 1128 1064 1219 tragicocomoedia‚
1097 1134 1176 1196 erat
1201 1127 1323 1213 etiam,

283 1251 378 1332 quae
399 1231 586 1300 dicebatur
611 1229 781 1300 Italica
807 1229 1061 1315 comoedia,
1095 1229 1199 1298 cuius
1224 1251 1323 1308 men·

282 1333 417 1402 tionem
441 1333 530 1403 facit
543 1331 811 1420 Athenaeusffl)
838 1331 895 1401 bis
920 1331 1060 1402 verbis:
1087 1325 1324 1423 »Σκίρας-

283 1428 335 1514 εἷς
352 1428 390 1504 δ’
414 1430 515 1505 ἔστιν
539 1422 646 1512 οὗτος
665 1437 731 1526 τῆς
743 1430 918 1524 Ἰταλικῆς
939 1428 1165 1524 καλουμένης
1187 1455 1326 1524 κωμῳ-

282 1529 368 1615 δίας
394 1530 561 1628 ποιητὴς,
600 1529 707 1633 γένος
730 1536 958 1630 Ταραντῖνος
978 1575 1031 1586 *-
1051 1533 1093 1606 ἐν
1113 1525 1326 1631 Μελεάγρῳ
1392 1531 1393 1544 ’

338 1630 416 1708 σίν·

283 1660 336 1732 φη
373 1731 482 1806 Ἔνθ’
512 1731 597 1806 οὔτε
621 1730 760 1828 ποιμὴν
784 1731 882 1817 ἀξιοῖ
904 1730 1029 1829 νέμειν
1053 1728 1162 1830 βοτά,

389 1833 472 1910 Oie'
503 1831 713 1932 ἀσχέδωρος
736 1831 939 1930 νεμόμενος
963 1830 1204 1931 καπρώζεται.
1213 1841 1241 1878 “

282 1938 379 2011 Num
403 1939 595 2010 manifesto
622 1939 682 2009 hic
706 1937 896 2032 Meleager
925 1963 991 2031 pro
1017 1939 1146 2011 Italica
1180 1959 1326 2010 oomoe·

284 2043 363 2128 dia‚
390 2061 484 2136 quae
505 2041 708 2129 dicebatur,
735 2043 943 2132 accipienda
969 2049 1043 2132 est3
1068 2049 1175 2133 atque
1199 2040 1328 2110 inscri-

283 2145 359 2236 ptio
392 2165 473 2214 cum
498 2144 702 2236 fragmento
735 2145 858 2231 docet,
898 2145 1060 2214 fabulam
1094 2166 1117 2213 a
1147 2141 1328 2212 Rhintlro-

282 2246 366 2315 nien
391 2246 572 2315 diversam
597 2267 671 2315 nou
695 2246 821 2316 fuisse.
872 2244 1003 2316 Italica
1036 2267 1081 2315 eu
1112 2244 1209 2314 dicta
1241 2263 1328 2314 esse

283 2347 428 2416 videtur
453 2367 476 2415 a
498 2340 669 2432 Graecis,
696 2349 793 2440 quod
815 2369 860 2416 ea
884 2348 965 2416 sola
985 2343 1131 2418 Graeca
1156 2347 1194 2416 iu
1213 2345 1329 2417 ltalia

284 2446 431 2518 iuventa
455 2453 533 2516 orat
557 2447 680 2540 ibique
704 2448 861 2518 unanime
886 2449 1120 2521 scribebatur.

386 2646 650 2744 Vindicandum
682 2655 803 2721 autem
828 2651 985 2722 arbitror
1007 2672 1162 2722 scaenae
1187 2649 1326 2720 Roma·

283 2745 540 2822 uae'iabulam
565 2748 788 2841 Satyricum3
819 2754 983 2844 quamvis
1010 2754 1223 2822 adversetur
1247 2775 1325 2822 mu·

286 2853 388 2924 xima
419 2871 504 2942 pars
536 2850 698 2922 virorum
729 2854 929 2925 doctorum.
981 2853 1074 2926 Nam
1100 2875 1169 2924 neo
1191 2875 1257 2945 per
1281 2875 1327 2924 se

284 2953 481 3024 verisimile
501 2961 575 3037 est,
602 2953 789 3026 Romanos
811 2955 881 3026 hoo
897 2963 971 3026 tam
986 2957 1203 3026 celebratum
1226 2957 1327 3046 apud

286 3051 452 3128 Graecos
483 3043 689 3126 labularum
719 3077 834 3148 genus
859 3079 1008 3147 prorsus
1040 3060 1211 3128 intactum
1239 3058 1326 3126 reli·

286 3164 408 3228 eturos
428 3155 554 3242 fuisse,
582 3163 618 3226 et
638 3166 781 3228 exstant
800 3167 964 3228 veterum
984 3160 1199 3242 testimonia,
1225 3159 1327 3229 istud

285 3257 566 3349 comprobantia.
617 3257 885 3357 Athenaeusffl)
912 3269 1138 3346 auctorest,
1172 3259 1216 3331 L.
1239 3259 1325 3332 Sul-

284 3359 359 3429 lam
390 3359 580 3450 scripsisse
612 3357 827 3451 Σατυρικὰς
857 3357 1057 3456 κωμῳδίας
1087 3366 1131 3453 τῇ
1161 3352 1327 3453 πατρῴῳ

286 3451 406 3554 poian.
457 3455 595 3530 Omnes
619 3462 699 3531 fere
724 3461 782 3533 bic
807 3462 1003 3556 significari
1027 3471 1155 3554 putant
1178 3464 1326 3534 fabulas

285 3561 495 3648 Atellanas,
536 3562 628 3632 alius
661 3563 733 3632 alia
763 3565 902 3634 ratione
943 3566 1134 3636 ostendere
1173 3569 1325 3648 conaus,

286 3663 348 3756 qui
380 3660 573 3732 Atellanae
599 3662 787 3754 satyricae
822 3665 894 3736 dicl
926 3668 1117 3759 potuerint.
1176 3665 1325 3756 Simpli-

287 3763 470 3836 cissimum
494 3770 615 3834 tamen
648 3774 720 3853 est,
755 3766 941 3858 Satyrione
966 3791 1032 3859 pro
1066 3767 1244 3840 eiusmodi
1266 3767 1325 3840 fa·

372 3980 427 4062 59)
454 3979 544 4060 Epist.
559 3981 595 4040 ll.
611 3990 640 4042 1.
658 3987 700 4045 ⁶7
711 4003 754 4062 sq.
775 4017 817 4032 -
845 3984 900 4068 60)
927 3985 973 4046 cf.
995 3987 1061 4048 Gur.
1083 3987 1146 4046 Jos.
1168 3984 1326 4065 Gryuurlur

287 4066 323 4209 pe
336 4065 678 4231 ll-urifficpnppdlin
688 4069 753 4212 (pol.
767 4071 789 4129 l.
802 4091 831 4151 p.
844 4079 906 4133 300
919 4089 981 4151 sqq.
1001 4105 1045 4118 -
1067 4070 1123 4152 61)
1145 4069 1197 4131 lX.
1206 4091 1235 4151 p.
1248 4075 1323 4132 402.
