2824 4966
1071 347 1123 424 (il

94 526 209 610 poree
234 519 440 611 complures
459 515 634 610 personas
652 515 692 588 in
703 517 849 592 fabulas
869 519 1125 612 introduxisse,

94 627 131 690 nt
152 621 392 711 speciosiores
418 643 483 690 eas
506 621 711 713 frequentia
734 622 908 694 facerent.
947 619 1128 696 Videntur

94 729 206 792 tamen
242 722 354 794 buius
393 725 507 794 rerba
537 723 730 792 referenda
764 744 846 793 esse
879 729 1126 798 tautummodo

94 825 136 892 ad
148 824 377 913 palliatarum
392 823 661 895 comoediarum
676 823 880 914 scriptores.
906 823 1128 918 Fragmenta

94 931 293 1016 togatarum
325 948 399 996 nou
431 927 484 996 ita
518 933 602 996 sunt
633 935 859 1017 comparata,
899 933 939 996 ut
969 927 1054 998 inde
1080 930 1127 999 dc

93 1047 234 1095 numero
267 1049 507 1119 personarum
538 1027 822 1098 introductarum
848 1036 947 1097 certo
974 1029 1127 1100 iudicari

92 1127 209 1216 possit.
262 1127 451 1206 (inermus
488 1127 568 1199 sive
605 1127 799 1200 Aulularia
834 1150 909 1199 non
947 1139 1127 1224 repugnat

94 1227 239 1299 meanti
265 1230 485 1300 testimonio.

184 1329 335 1402 Saliare
374 1339 519 1423 togatas
561 1330 672 1401 tradit
708 1327 851 1402 Plinius
864 1326 931 1428 206)
971 1333 1126 1423 primum

94 1430 283 1502 instituisse
311 1431 614 1522 Stephanionem,
650 1430 712 1524 qui
742 1433 904 1525 ubisque
930 1435 1126 1506 saeculari·

95 1533 154 1600 bus
178 1532 275 1603 ludis
300 1535 500 1622 saltaverit,
528 1541 565 1604 et
588 1533 664 1604 divi
677 1533 838 1626 Augusti
860 1542 896 1605 et
911 1557 1002 1629 quos
1014 1531 1125 1634 plan·

95 1633 167 1704 dius
192 1631 336 1706 Caesar
361 1637 550 1706 consulatu
575 1656 642 1706 suo
668 1643 796 1728 quarto
821 1631 919 1710 feeit.
960 1635 1051 1708 lnde
1067 1635 1127 1709 hic

95 1733 286 1825 Stephanio
315 1739 413 1828 apud
438 1736 653 1808 Suetonium
665 1736 732 1830 ²⁰⁶)
760 1738 890 1808 dicitur
913 1739 1126 1832 legatarius.

95 1833 147 1904 Ita
188 1837 335 1931 quidem
374 1837 484 1909 Plinii
526 1852 563 1908 et
602 1836 768 1909 Suetonii
809 1840 911 1910 locos
951 1841 1125 1934 intelligo,

95 1957 303 2031 quamquam
336 1942 432 2031 apud
464 1940 565 2010 illum
597 1940 695 2010 haud
727 1943 971 2012 necessarium
994 1950 1126 2034 putans

96 2036 265 2110 Harduini
303 2042 589 2112 emendationem
621 2049 804 2134 togatus
835 2063 901 2132 pro
928 2047 1125 2135 togatus.

96 2135 269 2236 Numqui
295 2149 441 2234 togatas
466 2144 584 2228 saltat,
610 2142 816 2213 necessario
846 2144 954 2214 etiam
980 2152 1126 2236 togatus

98 2242 203 2314 saltat.
261 2242 308 2314 G.
341 2243 377 2314 J.
420 2239 616 2336 Grysarius
638 2243 703 2340 ²⁰⁷)
744 2251 865 2314 autem
904 2245 1124 2337 legatarium

97 2351 186 2430 putat
202 2368 286 2418 esso
303 2353 507 2437 togatarum
521 2353 691 2432 actorem,
713 2346 1012 2439 seribendumque
1028 2349 1126 2439 apud

98 2439 243 2517 Plinium
270 2449 533 2539 legatarius
550 2469 615 2538 pro
637 2453 840 2539 togatus3
866 2456 906 2518 ut
922 2447 1122 2541 Stephanio

97 2549 230 2637 proprie
254 2550 367 2620 fuerit
392 2557 596 2640 togatarum
622 2556 735 2636 actor,
761 2548 822 2641 qui
848 2549 885 2618 in
909 2550 1018 2619 mimo
1036 2573 1124 2644 quo·

98 2665 157 2735 que
188 2649 389 2721 saltaverit.
446 2649 586 2722 Verum
617 2659 868 2742 praeterquam
899 2652 997 2744 quod
1031 2651 1124 2725 haec

98 2748 207 2837 opinio
225 2752 463 2822 mutationem
479 2751 720 2822 neeessariam
735 2753 863 2839 reddit,
889 2754 986 2845 quod
1001 2753 1123 2844 paullo

99 2859 171 2920 ante
195 2853 440 2938 ostendimus,
467 2854 513 2923 ab
539 2853 666 2924 iisdem
692 2853 935 2940 histrionibus,
962 2854 1023 2946 qui
1047 2856 1123 2946 pal·

98 2947 193 3023 liatas
217 2963 387 3046 agerent,
427 2961 570 3046 togatas
595 2977 736 3048 quoque
761 2963 861 3026 aetas
888 2977 987 3044 esse,
1027 2957 1123 3048 quod

31 3097 32 3102 κ
101 3055 232 3125 omnino
275 3055 461 3146 probabile
492 3078 565 3126 non
597 3065 669 3142 est,
708 3057 841 3143 fuisse,
884 3057 945 3149 qui
980 3063 1124 3150 togatas

100 3154 186 3226 telas
211 3163 375 3249 agerent,
401 3155 508 3227 etiam
534 3180 582 3227 ex
597 3154 708 3228 Plinii
733 3159 814 3228 loeo
839 3158 987 3229 laudato
1013 3179 1123 3252 appa·
1266 3183 1314 3213 -1
1380 3179 1381 3206 t

100 3261 157 3342 ret,
179 3257 463 3350 Stephanionem
488 3281 562 3330 non
585 3259 700 3332 fuisse
725 3264 886 3332 actorem
905 3258 1123 3349 fabularum,

100 3358 158 3426 sed
179 3361 400 3432 saltatorem.
574 3460 634 3534 lx

191 3595 349 3676 Quando
384 3597 531 3666 fabulae
557 3603 703 3690 togatae
729 3596 840 3669 scribi
864 3594 1123 3688 cooptassint,

101 3711 165 3763 non
194 3706 293 3806 certo
330 3704 481 3770 constat.
533 3697 670 3770 Donati
694 3699 796 3771 loeus
816 3695 902 3796 ,πῆς
936 3696 1136 3792 „comosa

177 3896 251 3979 205)
273 3899 309 3958 fl.
332 3899 368 3959 N.
386 3899 446 3957 Vll.
468 3903 509 3961 48
531 3897 652 3960 schlin.
674 3935 717 3947 —
750 3897 824 3981 206)
852 3899 948 3959 (lctus.
968 3897 1059 3957 XLV.
1081 3931 1125 3944 -

104 3976 170 4062 207)
190 3983 284 4046 Urber
310 3983 364 4043 den
398 3983 527 4043 Zostand
563 3985 614 4044 der
644 3985 744 4046 Roem.
771 3985 887 4046 llnebne
922 3982 959 4042 im
986 3982 1126 4043 Zeitaltor

103 4059 145 4121 du
170 4067 280 4140 ciffi,
305 4068 334 4127 iil
361 4068 439 4154 Aug·
467 4069 613 4152 Qum&
639 4089 667 4130 Ι.
700 4077 781 4133 18³2
809 4070 845 4128 ne
866 4073 917 4130 ⁴6·
944 4075 1061 4147 Peffii·
1081 4100 1125 4116 ''¹''

105 4146 170 4230 2⁰0)
190 4153 225 4213 de
245 4153 407 4214 Comoedia.
1103 4171 1114 4188 *¹
1156 4189 1160 4198 ·
1203 4152 1212 4170 ⁴
