2772 4968
590 859 641 927 1..
684 861 939 982 ³¹¹..nl'

443 1134 715 1198 AENEADAE
749 1135 863 1194 slvll
895 1134 1093 1196 DllClllS.

334 1289 526 1348 Aeneadae
552 1287 629 1348 sive
655 1287 788 1347 Decius
815 1287 879 1347 inre
904 1286 990 1348 scribi
1009 1287 1121 1347 videtur
1140 1241 1225 1344 baius
1245 1282 1288 1343 sa·

251 1373 333 1432 balae
363 1373 471 1432 titulus.
523 1373 605 1450 Apud
632 1372 769 1446 Nonium,
799 1372 848 1451 qni
879 1373 957 1431 solas
988 1391 1048 1432 eam
1080 1375 1287 1438 commemorat,

251 1463 351 1535 qnater
371 1457 477 1538 legitur
497 1457 620 1515 Attius
647 1456 676 1514 in
697 1457 892 1528 Aeneadis,
926 1457 1029 1516 omisso
1056 1453 1138 1514 Decii
1164 1452 1288 1523 nomine,

251 1539 340 1600 octies
361 1541 484 1600 Attius
505 1541 539 1599 in
561 1541 742 1601 Aeneadis
763 1548 823 1600 ant
843 1541 970 1614 Decio,
1002 1541 1088 1601 semel
1109 1539 1233 1598 Attius
1254 1537 1286 1596 in

250 1625 427 1684 Aeneadis
448 1625 504 1686 vel
524 1625 646 1684 Decio.
690 1627 735 1685 Ex
755 1624 924 1706 fragmentis
945 1632 1076 1706 apparet,
1102 1629 1215 1704 podtam
1238 1621 1289 1680 bae

250 1717 430 1790 praetextata
440 1710 598 1769 celebrasse
610 1710 743 1789 imprimis
762 1712 940 1772 devotionem
952 1713 987 1770 P.
999 1711 1080 1771 Decii
1095 1707 1145 1767 filii
1160 1709 1190 1766 in
1202 1707 1287 1780 bebo,

221 1790 226 1800 ’
251 1795 326 1873 quod
338 1795 459 1854 Romani
480 1801 632 1876 gesserant
652 1814 713 1854 cum
736 1796 835 1867 Gallis,
859 1797 1041 1867 Samnitibus,
1062 1793 1198 1863 Etruscis,
1221 1793 1288 1852 Um·
1379 1825 1380 1840 2

118 1887 124 1900 ‘
250 1880 317 1940 bris.
359 1880 429 1938 Rem
458 1879 572 1958 copiose
599 1890 697 1939 narrat
722 1879 822 1941 Livius
849 1882 921 1940 Hist.
943 1882 981 1940 X.
1004 1887 1151 1942 26-30.
1196 1878 1289 1942 Quum

250 1984 318 2025 vero
348 1965 451 2044 duplex
480 1965 520 2022 sit
545 1965 708 2044 inscriptio,
739 1965 916 2025 manifestum
945 1973 1004 2037 est,
1041 1985 1097 2023 nou
1124 1963 1152 2022 id
1180 1969 1287 2021 tantum

249 2049 372 2110 voluisse
400 2048 521 2121 Attium,
553 2057 585 2107 nt
611 2049 693 2110 Decii
727 2051 846 2111 virtutes
872 2052 999 2110 laudibus
1031 2048 1196 2119 extolleret,
1237 2045 1287 2104 sed

250 2133 362 2193 omniuo
382 2134 592 2208 Aeneadarum,
614 2135 644 2193 id
665 2141 722 2206 est,
744 2136 949 2207 Romanorum,
970 2133 1162 2195 fortitudinem
1183 2151 1219 2190 ac
1239 2151 1287 2210 pa·
1381 2141 1382 2146 ’

251 2219 322 2278 triae
344 2239 466 2278 amorem
486 2219 649 2278 illustratet.
691 2220 774 2280 Decii
795 2241 916 2300 persona
937 2228 967 2280 ct
988 2225 1103 2300 propter
1123 2235 1203 2276 suam
1225 2217 1287 2296 glo-

250 2304 319 2363 riam
347 2310 377 2362 et
403 2310 518 2382 propter
544 2310 689 2382 paternam
717 2305 836 2364 maxime
862 2311 965 2384 politae
996 2304 1100 2364 idonea
1130 2302 1286 2371 videbatur,

251 2407 323 2466 quae
343 2388 492 2447 Aeneadas
513 2396 748 2466 repraesentaret.
797 2391 857 2449 Nec
879 2391 1048 2449 abhorrebat
1069 2409 1087 2447 a
1107 2386 1221 2446 fabulae
1243 2404 1288 2443 ar-

250 2479 385 2554 gumento
412 2493 534 2551 persona
560 2473 654 2546 Fabii,
689 2494 770 2552 quem
795 2474 902 2534 Decius
930 2479 959 2533 in
984 2474 1033 2533 illo
1055 2473 1127 2532 bello
1149 2472 1287 2552 collegam

250 2557 356 2616 babuit.
398 2555 497 2618 Livias
518 2557 591 2617 llist.
619 2558 657 2617 X.
680 2568 737 2619 30:
780 2602 799 2631 „
807 2561 957 2619 celebrata
983 2558 1133 2618 inconditis
1159 2554 1286 2615 carmini-

251 2642 302 2701 bus
324 2641 488 2702 militaribus
511 2641 566 2701 non
588 2643 681 2724 magis
701 2644 821 2704 victuris
842 2646 877 2710 Q.
892 2643 986 2721 Fabii,
1009 2663 1090 2722 qnam
1112 2661 1187 2701 mors
1207 2659 1304 2719 prae-v

251 2727 327 2787 clara
353 2729 387 2786 P.
415 2727 496 2786 Decii
528 2734 587 2799 est3
626 2729 807 2808 excitataque
833 2729 967 2788 memoria
993 2728 1133 2808 parentis,
1167 2730 1287 2804 aequata

252 2819 353 2871 eventa
375 2811 485 2890 publico
508 2811 673 2891 privatoque
699 2811 751 2872 filii
777 2815 941 2873 laudibus.“
993 2814 1084 2878 Duum
1107 2819 1137 2871 et
1156 2817 1238 2889 pater
1259 2815 1287 2866 et

251 2895 325 2954 filius
353 2916 403 2974 pro
431 2896 522 2974 patria
545 2916 576 2958 se
602 2897 796 2972 devovissent,
830 2918 988 2978 neposque,
1016 2899 1097 2968 licet,
1124 2903 1156 2954 ut
1176 2894 1287 2953 Korde-

251 2980 310 3038 sius
337 2980 373 3038 ad
395 2981 571 3040 Eberhardtii
592 2983 713 3043 libellum
736 2985 771 3043 de
791 2983 893 3042 artium
914 2983 1094 3042 humanitatis
1116 2987 1192 3038 statu
1214 2977 1285 3057 apud

252 3065 411 3138 Romanos,
443 3085 523 3144 quem
547 3068 714 3127 Germanice
740 3068 838 3140 vertit,
869 3090 896 3148 p.
919 3074 958 3130 58
978 3087 1038 3147 sqq.
1064 3065 1203 3135 ostendit,
1239 3082 1286 3121 ue·

251 3169 387 3228 quaquam
414 3151 511 3210 eadem
536 3152 663 3211 sollemni
684 3153 810 3225 ratione,
843 3173 899 3231 qua
919 3173 989 3214 avae
1010 3159 1040 3211 et
1060 3157 1155 3231 pater,
1187 3149 1215 3207 iu
1237 3149 1286 3206 ho-

251 3234 333 3294 stiam
360 3235 417 3293 tela
443 3255 474 3294 se
501 3237 671 3296 coniecisset
698 3239 929 3317 oocubaissetqae
956 3244 1087 3306 mortem,
1118 3235 1182 3293 baic
1207 3231 1287 3314 genti

252 3318 332 3398 quasi
353 3318 414 3378 fato
436 3320 606 3381 destinatam
627 3322 717 3382 videri
738 3325 844 3401 potuit,
879 3330 913 3382 ut
938 3321 1098 3401 posthabita
1124 3339 1175 3378 saa
1197 3319 1286 3378 salute

251 3404 359 3482 patriae
381 3405 498 3464 salutem
521 3406 639 3466 iuvaret.
687 3407 729 3466 Ac
749 3427 819 3466 saue
841 3407 895 3466 iam
916 3407 1022 3467 Decius
1043 3404 1116 3464 filius
1137 3404 1285 3463 secundam
1345 3403 1349 3416 '

251 3489 360 3549 Livium
383 3489 456 3547 llist.
484 3491 522 3547 X.
547 3498 586 3552 28
613 3492 684 3550 baec
719 3493 926 3571 pronuntiavit:
961 3491 1064 3565 „Quid
1089 3490 1165 3549 ultra
1194 3507 1285 3547 moror

251 3572 387 3632 familiare
414 3572 519 3632 famae
562 3576 664 3634 Datum
691 3576 745 3636 boc
772 3586 870 3637 nostro
898 3577 999 3658 generi
1027 3583 1085 3648 est,
1120 3583 1153 3631 ut
1179 3572 1285 3632 luendis

252 3658 383 3736 periculis
404 3658 521 3736 publicis
542 3659 652 3737 piacula
672 3662 794 3721 simus.“
845 3665 913 3720 llam
941 3683 999 3720 rem
1022 3661 1151 3742 tetigisse
1171 3658 1284 3726 Attium,

252 3763 342 3821 eoque
363 3744 446 3802 modo
468 3750 674 3823 praetextatam
701 3766 780 3806 suam
802 3747 970 3830 tragoediae
996 3746 1151 3806 reddidisse
1175 3743 1283 3802 similio-

253 3846 324 3899 rem,
352 3829 426 3888 baud
448 3833 492 3888 est
513 3828 703 3908 improbabile.

336 4065 444 4124 Nouius
464 4088 493 4145 p.
509 4072 569 4128 483
595 4068 638 4126 ed.
660 4069 765 4128 blera:
788 4069 975 4141 „Tamalti
1003 4089 1054 4149 pro
1084 4068 1224 4128 tumultus.
1246 4099 1283 4112 -

254 4147 349 4206 Attius
370 4149 399 4207 in
420 4151 560 4210 Aeneadis
582 4153 627 4214 vel
648 4152 752 4214 Decio:
