2772 4968
608 545 658 604 lll.

191 645 301 706 Nonius
321 668 348 727 p.
363 653 425 709 277
447 647 492 708 ed.
506 646 841 718 lleremtsnnsre
862 652 893 706 ct
913 647 1153 708 condemnare

104 724 160 812 pro*
179 732 302 792 liberare
324 732 445 830 positum
468 739 521 792 est.
564 731 694 790 Titinius
716 731 744 790 in
769 731 927 792 velitem:

129 817 304 888 Fo'rtlsse
325 825 451 890 votum
474 818 722 906 confecisse,
744 818 815 936 puri
839 818 898 886 die
921 818 1012 887 liber
1032 818 1139 888 foret.

128 917 328 997 Nanneius
344 919 721 992 votiooudernnatust:
748 919 1153 990 rmmolavitlrostianr.“

103 1028 224 1083 rotun
245 1039 320 1082 osor
341 1019 489 1084 fouisse.
526 1021 618 1102 Vulgo
639 1029 759 1083 notu·
781 1019 909 1080 fuisse.
939 1021 1039 1100 Steplr.
1062 1021 1152 1081 Mero.

102 1113 221 1166 setun
249 1103 375 1166 fuisse.
414 1105 572 1166 l'olrnerius
601 1105 628 1164 in
657 1105 812 1186 spicileg„
847 1107 931 1166 Grut.
959 1106 1052 1165 Thes.
1087 1107 1162 1183 crite,

103 1190 146 1248 T.
159 1185 209 1248 Ν.
231 1198 351 1270 p648,
381 1193 466 1285 Casp.
488 1191 647 1270 Scioppius
673 1190 823 1250 l'erisirnil.
847 1191 868 1248 l.
890 1197 928 1251 16
958 1198 1077 1250 voturn
1105 1189 1153 1250 fe·

103 1275 213 1335 cisse.
230 1277 315 1334 Botlr.
336 1276 390 1336 sie
411 1283 527 1336 votnrn
549 1275 694 1335 fecisse.
711 1307 754 1320 -
769 1276 1048 1334 condennatust
1067 1277 1152 1336 llotlr.

102 1359 199 1440 Vulgo
232 1359 495 1425 condemnatus
528 1362 595 1420 est.
633 1359 751 1430 lunius,
782 1362 868 1440 Cosp.
897 1359 1055 1440 Scioppius
1083 1360 1103 1420 l.
1127 1381 1152 1420 o.

103 1445 376 1505 condemnatus.
398 1479 441 1491 -
462 1445 668 1506 inmolavit.
703 1445 861 1524 Scioppius
882 1445 1087 1504 immolabit.

605 1605 652 1664 lV.

189 1705 300 1764 Nonius
326 1727 356 1785 p.
377 1714 439 1767 ³16
467 1706 513 1766 ed.
542 1707 646 1765 Mero:
683 1706 884 1780 „Grosssri
915 1706 1000 1766 etiour
1037 1707 1153 1767 (licinus
1247 1772 1253 1783 ,

106 1790 262 1850 ambulare.
291 1791 420 1850 Titinius
442 1791 470 1849 in
493 1791 653 1851 Veliterno:

116 1922 134 1951 .
259 1917 312 1928 --
337 1875 467 1946 Vende
482 1877 646 1948 thensoro
668 1899 713 1946 ao
733 1876 871 1963 mulos,
898 1865 1049 1968 sineque
1072 1899 1152 1948 eaor

181 1973 345 2048 Pedibus
371 1980 552 2070 grassare
589 1979 776 2070 confringe
804 1979 881 2047 eins
909 1979 1153 2069 superbiam.“

101 2077 225 2136 Vende
254 2079 321 2138 lun.
349 2100 439 2160 marg.
469 2080 558 2140 lllero.
587 2099 603 2138 e
631 2079 712 2139 codd.
740 2079 823 2137 Botlr.
853 2079 946 2158 Vulgo
975 2080 1082 2139 Unde.
1111 2115 1154 2126 -

102 2164 273 2224 thensoro.
318 2164 367 2223 Sic
388 2165 461 2223 libri.
494 2165 613 2224 Rectius
640 2171 733 2222 tomen
761 2163 846 2222 scribi
868 2163 979 2223 videtur
1007 2170 1153 2226 tensam.
1239 2201 1245 2212 ·
1271 2218 1277 2229 .

102 2247 170 2306 Vil.
189 2247 271 2307 Voss.
293 2249 415 2327 Etymol.
437 2250 465 2308 in
488 2251 515 2310 lr.
538 2269 565 2309 v.
586 2281 628 2294 ·-
650 2267 691 2308 sc
712 2249 838 2323 mulos,
861 2249 1019 2327 sineque.
1048 2247 1152 2331 Vulgo,

103 2341 196 2392 metro
219 2341 413 2414 repugnante,
443 2341 551 2412 atque
573 2334 701 2405 mulos,
729 2335 818 2392 sine.
854 2333 936 2393 llotlr.
965 2353 1005 2392 ae
1026 2334 1152 2407 rnulos3
1264 2366 1277 2389 ι

101 2415 238 2489 sinito,
270 2437 344 2498 quac
369 2420 527 2498 imperativi
553 2418 646 2479 sorana
672 2420 726 2478 lroe
753 2419 816 2476 loco
847 2418 941 2477 aliena
968 2419 1088 2482 videtur.
1111 2451 1154 2466 --

103 2501 312 2584 confringe.
356 2505 406 2564 Sic
425 2506 513 2564 llere.
536 2505 564 2563 in
587 2512 713 2575 annoti„
737 2503 854 2562 Vossius
877 2504 996 2582 lltyurol.
1019 2525 1045 2565 v.
1069 2506 1152 2564 Gra·
1209 2540 1215 2551 ·

102 2588 186 2646 dior
216 2594 245 2646 et
272 2589 399 2647 Bothius.
431 2590 501 2648 Vcn.
522 2591 544 2648 l.
563 2590 597 2649 ll.
625 2589 692 2648 Par.
711 2589 777 2648 lun.
806 2609 895 2669 marg.
925 2587 1152 2671 confingere.
1250 2610 1261 2628 ·

103 2673 167 2731 Ald.
197 2672 264 2732 Bas.
294 2675 393 2754 Steph.
418 2675 486 2733 lun.
507 2675 596 2734 llere.
625 2673 876 2755 confingere.
904 2673 971 2732 Jnn.
994 2673 1153 2752 suspicatus

104 2763 150 2817 est
171 2757 422 2840 confringere.
445 2791 488 2804 -
510 2759 586 2818 eius
612 2759 683 2818 Veu.
700 2758 722 2816 l.
738 2758 774 2818 ll.
805 2758 873 2818 Pur.
895 2777 952 2816 non
975 2758 1088 2818 habent.
1110 2792 1153 2806 -

103 2842 239 2902 llotlrius:
262 2845 384 2916 „aaa
411 2863 531 2904 uxorein
553 2845 707 2904 notaturi.“
728 2875 770 2888 -
792 2843 839 2904 cf.
860 2843 978 2904 Barbati
997 2841 1102 2926 {rogan
1117 2843 1152 2904 V.
1205 2852 1213 2870 ⁴
1266 2920 1275 2939 ·

615 3005 639 3062 V

189 3103 300 3166 Nonius
322 3128 348 3186 p.
366 3115 427 3168 332
451 3107 496 3166 el.
518 3105 622 3166 Mero:
645 3104 816 3187 „begere
838 3139 880 3152 —
902 3105 1048 3189 colligere.
1075 3107 1154 3167 Titi-

106 3189 167 3249 nius
191 3189 219 3249 in
244 3189 405 3252 Veliterno:

154 3273 278 3346 Hodie
319 3273 445 3349 hostes
485 3265 648 3368 lugrivit3
691 3275 810 3366 spolia
848 3266 991 3367 plrioide
1032 3285 1153 3368 poste·

716 3379 795 3448 risis
818 3378 956 3470 leget.“

609 3547 657 3606 Vl.

190 3664 300 3724 Nonius
321 3687 348 3744 p.
367 3669 428 3728 355
451 3667 496 3724 ed.
518 3667 622 3725 llere:
646 3664 862 3744 „Occepere
884 3671 928 3724 est
942 3664 1057 3744 proprie
1072 3683 1154 3743 prae·

1 3835 2 3840 ¹
106 3750 213 3809 venire.
235 3783 278 3794 -
300 3749 428 3808 Titinius
449 3751 477 3808 in
500 3751 661 3810 Veliterno:

153 3877 203 3889 —
221 3833 322 3928 Ergo
340 3827 479 3927 occupa
498 3838 599 3907 foros
617 3836 730 3921 exire,
757 3843 797 3904 ut
812 3833 949 3926 praesit
965 3823 1155 3904 linteum.“

107 3942 145 3993 ut
166 3933 318 4016 praesit.
347 3935 431 3996 Both.
454 3944 489 3996 ot
510 3937 667 4017 praesit,
690 3935 851 4016 explicans:
886 3935 1088 4008 „Praetendas
1110 3935 1155 3994 ori

108 4019 232 4092 linteum,
257 4041 292 4079 ne
309 4022 477 4102 agnoscaris
499 4023 574 4082 inter
595 4024 785 4082 exeundum.“
816 4021 958 4080 Pauciora
973 4027 1041 4078 sunt
1056 4017 1153 4092 verba,

108 4124 189 4182 quarn
216 4112 250 4164 ut
270 4113 350 4166 certo
373 4107 533 4167 sententiae
555 4108 628 4166 ratio
651 4107 772 4188 perspici
794 4106 893 4186 possit
923 4139 965 4150 -
994 4105 1154 4165 linteum.

107 4187 173 4249 Pur.
194 4191 377 4250 lintlrsunr.
