2774 4972
1018 373 1099 451 tea

8 559 10 600 ¹
80 557 166 617 liotbio
186 557 351 618 inconcinna
371 556 442 614 base
462 554 603 615 videnter.
647 551 757 612 Ediditt

8 619 10 660 ³
221 673 263 688 -·-
289 641 449 700 bloioren
477 641 622 718 primurn
652 635 855 696 babuerunt
881 633 1056 693 Martium.

145 892 244 952 Festus
270 912 300 953 v.
326 891 451 965 Pueri,
487 892 603 974 Frage.
631 909 659 970 p.
680 895 720 950 24
742 887 786 948 ed.
808 887 927 949 Decem:
964 886 1100 960 „Pueri

75 973 229 1058 in(peberes
251 977 398 1050 dicuntur,
429 975 457 1035 ie
479 996 534 1054 quo
556 969 935 1057 significabunt)iter1itte
961 969 1003 1053 (in
1027 1015 1035 1032 .
1058 1015 1066 1032 .
1089 1015 1099 1034 .

76 1104 223 1123 ......
245 1059 385 1142 pleribus)
412 1061 541 1122 versibus
563 1060 675 1119 docet.
700 1101 708 1120 .
730 1099 739 1117 .
762 1101 771 1118 .
793 1099 802 1118 .
825 1099 833 1118 .
856 1099 864 1116 .
887 1099 896 1117 .
918 1062 953 1118 .“
982 1057 1100 1118 Uneieio

74 1147 167 1208 indesa
186 1146 317 1232 prolaeta
336 1153 404 1206 suet
427 1167 445 1206 a
465 1145 565 1206 Fulvio
587 1143 701 1205 Ursino.

555 1279 603 1339 w.

141 1397 249 1458 Nonius
270 1420 298 1480 p.
312 1403 373 1460 219
395 1397 440 1458 ed.
461 1396 566 1458 llere:
595 1396 741 1468 „Penus
762 1393 878 1476 generis
899 1391 1036 1456 feminini.
1056 1431 1101 1444 -·

74 1483 215 1544 llmeelini.
244 1482 418 1564 Pomponius
432 1481 552 1564 Dogali:
576 1481 685 1541 Unum
702 1500 825 1560 penum
847 1499 937 1558 quae
958 1500 1098 1544 omnem.

73 1571 248 1629 Caeterum
278 1568 384 1629 aliam
406 1567 610 1648 praeberem
631 1585 763 1646 penem.
806 1564 944 1626 Naevius:
971 1566 1023 1625 Ilo
1049 1566 1099 1627 t'a-

72 1659 118 1712 eta
135 1674 244 1714 meum
264 1651 301 1712 in
321 1673 444 1733 penem
466 1671 667 1731 componam
689 1649 807 1710 satius
828 1655 920 1710 est.“
963 1649 1013 1712 Sia
1031 1653 1096 1712 olim

8 1791 10 1812 k
72 1737 205 1818 legebatur
225 1738 321 1810 lone,
342 1756 423 1816 quem
443 1736 601 1796 Palmarius
622 1735 651 1794 in
674 1733 787 1816 spicil,
815 1735 898 1794 Grut.
919 1733 1012 1796 'lben
1034 1739 1098 1798 erit.

8 1839 16 1926 p
72 1821 104 1879 Τ.
121 1823 165 1882 iv.
192 1845 221 1904 p.
238 1829 320 1894 770,
355 1822 476 1903 corrigit
504 1823 558 1880 bae
589 1820 715 1880 ratione:
749 1817 947 1899 „Pomponius
975 1819 1097 1882 Dotata:

8 1929 12 2022 p
71 1905 177 1966 Vinum
207 1925 407 1988 penemque
438 1925 579 1965 omnem.
630 1905 738 1965 Novius
759 1903 880 1962 Dotata:
910 1904 1098 1966 Caeterum

8 2031 11 2070 ,
71 1989 163 2050 aliem
199 1992 417 2072 praeberem
453 2009 587 2070 penem.
648 1991 734 2047 Atta:
766 1987 879 2047 Meam
907 1987 942 2046 in
975 2009 1097 2068 penum

71 2093 260 2155 componam
281 2076 402 2135 saties
424 2080 515 2135 est·“
555 2073 661 2145 ‚dluod
677 2073 809 2151 itaque,“
829 2071 922 2150 iuquit
941 2081 1096 2149 corrector,

71 2160 121 2228 „de
139 2161 191 2222 bne
210 2163 278 2220 loeo
300 2159 440 2240 nuspiam,
472 2159 571 2218 dinam.
613 2156 785 2236 Pomponius
805 2156 930 2220 Dotatae
951 2157 1034 2217 titulo
1055 2159 1098 2219 fo·

70 2241 147 2303 belam
165 2245 297 2326 scripsit,
318 2277 361 2290 -
387 2244 501 2324 scripsit
522 2261 633 2322 quoqne
653 2242 787 2302 Dotamen
808 2242 925 2302 Novius.
967 2243 1029 2303 Hae
1050 2263 1098 2304 oe·
1178 2275 1185 2290 ·

8 2391 9 2396 1
71 2329 170 2389 ιιιίοιιι
190 2330 304 2390 scribae
324 2330 415 2388 lneem
437 2330 511 2388 buno
531 2325 766 2388 contaminarent.
807 2327 878 2386 Atta
898 2331 991 2386 aetem
1013 2334 1097 2411 toga-

71 2417 147 2472 tarum
166 2415 322 2494 scriptor.“
363 2413 466 2473 ineius
486 2432 539 2492 pro
557 2411 706 2495 Dngali:
735 2412 842 2470 Unum
863 2430 985 2490 penum
1006 2431 1099 2492 quae

8 2453 10 2578 i
70 2499 217 2560 oonieeerat
240 2499 292 2558 llo
314 2497 372 2557 illi
393 2498 510 2559 vinum
531 2516 741 2577 penumqee3
773 2495 845 2556 idem
868 2515 930 2555 enm
952 2497 1097 2576 Stephano

8 2613 10 2658 μ
70 2579 187 2643 llntata
213 2582 342 2663 prelio
363 2582 471 2642 faeta.
513 2581 670 2642 Mereerius
691 2579 792 2640 edidit:
822 2579 1100 2660 „Pompoaieslln-

8 2693 10 2744 3
69 2666 131 2744 geli:
161 2669 278 2740 Vinum,
307 2686 464 2746 penemque
485 2686 609 2738 omnem,
631 2660 652 2702 ἢ
681 2672 805 2724 ceterum
832 2665 915 2725 aliam
934 2667 1099 2744 praeberem

8 2775 10 2848 p
69 2769 164 2825 penem.
206 2752 331 2813 Novius:
360 2753 406 2812 llo
427 2750 505 2810 faeta
525 2771 614 2810 meam
640 2748 669 2808 in
691 2768 793 2829 penum
818 2769 982 2829 componam
1009 2752 1100 2812 satius

8 2853 10 2910 l
70 2840 137 2893 ett.“
177 2838 256 2897 ldem
278 2836 438 2898 annotavit:
466 2834 666 2914 „Pomponius
688 2831 835 2915 Dogali)
857 2834 899 2893 ita
918 2833 990 2895 libri.
1022 2836 1099 2896 Seri·

8 2923 9 2992 f
70 2917 109 2990 be,
138 2922 286 2981 Dotata.
316 2927 346 2980 et
374 2941 456 2992 mex,
490 2920 597 2979 Novius
624 2918 769 2978 Dotata.
816 2917 966 2998 Pomponii
987 2920 1101 2999 ¹llatata

69 3007 189 3082 aeprain
218 3027 248 3067 v.
270 3004 466 3077 restiterim,
499 3011 529 3063 et
550 3003 745 3084 paulisper.
789 3003 872 3065 Nouii
894 3003 984 3076 infra,
1015 3007 1100 3066 arti·

8 3125 9 3136 ι
68 3089 118 3147 ait
157 3092 218 3150 Sed
241 3089 324 3150 Nouii
351 3090 432 3150 loeus
459 3090 556 3168 etqui
583 3088 764 3168 imperfectus
790 3088 907 3148 alterius
935 3089 1100 3169 Seripteds,

8 3213 9 3250 ss
69 3177 184 3253 exempla
206 3183 275 3234 suet
296 3195 385 3254 penes
406 3173 595 3234 femininae.“
637 3175 684 3232 Ex
704 3171 790 3232 Nouii
817 3180 910 3232 tamen
926 3174 1031 3246 ,verbis
1057 3176 1101 3234 in·

69 3258 209 3339 alligitur,
233 3260 289 3318 istu
310 3260 439 3338 exempla
460 3279 524 3318 esse
546 3277 658 3337 penes
679 3257 834 3317 masculini.
870 3258 1001 3330 ilotbies,
1023 3259 1102 3341 glos-

68 3352 163 3402 semata
183 3346 230 3403 bie
253 3344 470 3423 deprehendisse
497 3343 551 3403 sibi
578 3341 670 3412 visus,
699 3342 839 3401 restituit:
871 3343 1020 3424 „Tagetis
1042 3345 1102 3414 leel

67 3423 180 3507 lletalilz
210 3427 368 3506 Vinumque
389 3435 419 3487 et
440 3434 563 3488 ceteram
584 3446 693 3486 omnem
714 3426 876 3506 praeberem
899 3447 1008 3506 penem.
1043 3429 1101 3488 No·

68 3511 132 3570 rias:
154 3513 199 3572 De
221 3511 300 3572 facto
322 3533 410 3571 meam
432 3512 460 3572 ie
483 3531 584 3592 penem
607 3530 770 3591 componam
791 3510 882 3570 satius
904 3516 985 3570 est.“
1017 3512 1100 3571 Μιιιι-

9 3589 10 3594 '
67 3593 121 3654 lius
141 3598 264 3676 denique
286 3598 321 3656 da
341 3598 439 3676 Pomp.
462 3599 534 3657 Βοιι.
556 3619 583 3677 p.
596 3601 637 3658 69
659 3595 807 3676 proponit:
838 3595 966 3676 „lingaz
995 3596 1038 3655 llli
1059 3598 1101 3658 vi·

67 3696 122 3738 eum
148 3702 320 3761 penemque,
355 3701 428 3762 quae
450 3701 559 3741 emnem
580 3713 621 3726 -·
643 3713 685 3726 -
712 3681 844 3740 Ceterum
872 3679 955 3740 aliam
983 3682 1100 3760 praeba-

67 3781 117 3822 rem
141 3772 281 3845 penure.“
324 3766 413 3824 Putet
438 3766 477 3838 is,
511 3765 632 3824 Nonium
660 3784 697 3824 ex
718 3764 806 3844 [logo
826 3763 921 3823 fabula
948 3765 1004 3822 duo
1026 3774 1102 3825 attu-

67 3845 125 3908 lisse
150 3851 327 3932 fragmento,
361 3871 478 3930 quorum
506 3851 623 3910 alterum
650 3849 678 3908 ie
699 3847 756 3908 fine
777 3847 932 3908 mutilatum
958 3849 1004 3908 sit.
1047 3851 1101 3912 llio

67 3929 192 4012 imprimis
214 3936 372 4014 quaeritur,
411 3935 475 3994 nuni
502 3935 531 3992 in
552 3934 638 3993 Nonii
659 3935 723 3993 loeo
745 3932 848 4004 allato,
880 3943 913 3990 ut
941 3933 1101 4013 suspicatus

68 4023 105 4074 est
124 4019 298 4091 Palmaries,
328 4020 414 4079 Attae
437 4021 536 4078 nomed
559 4020 656 4078 lateat.
705 4018 846 4089 Vidimus,
878 4018 952 4096 apud
979 4019 1099 4080 Nonium

68 4119 112 4175 pro
137 4105 224 4164 Atta
251 4104 314 4164 fere
340 4105 475 4184 seriptum
502 4123 566 4162 esse
594 4109 692 4176 aeta3
734 4103 833 4182 idque,
867 4109 901 4160 ut
932 4102 1099 4178 palmerius,

69 4187 201 4248 coaluisse
232 4189 356 4250 arbitrer
386 4209 447 4248 eum
481 4189 668 4250 antecedente
696 4187 841 4247 Dotato.
894 4186 991 4247 'l'obrs
1021 4188 1100 4260 loeus

788 4281 858 4349 11*
