2824 4966
1073 381 1122 460 at

96 577 139 626 ex
162 553 334 625 Atellanis
359 553 500 645 lepidas
526 559 563 626 et
586 551 772 626 laeetas.“
830 552 980 646 Aliquid
1011 555 1121 650 igitur

97 655 284 726 severitatis
310 665 455 747 togatas
480 655 669 742 habuisse,
706 655 816 727 faoilo
842 656 946 728 nobis
972 679 1119 748 persua

97 758 225 845 demns3
250 779 335 842 neo,
363 757 553 848 quominus
577 758 631 831 ita
650 759 866 844 molismus,
893 757 1118 849 adversator,

96 859 255 948 siquidem
276 879 367 949 opus
388 859 486 930 istud
506 859 821 952 reeentlus,‘quod
844 858 1016 949 elipeum
1037 883 1119 933 sen·

97 960 202 1032 bullis
225 959 454 1052 gravioribus
484 961 660 1032 refertum
692 971 766 1048 est,
806 959 988 1050 resploere
1019 961 1117 1052 lieet,

96 1057 391 1151 Pseudoplautina
412 1060 600 1139 (laetalus
618 1062 698 1133 sive
719 1061 923 1132 Aulularia.
970 1061 1024 1134 At
1043 1085 1118 1136 me·

95 1162 167 1232 diae
196 1163 288 1232 inter
320 1163 529 1234 comoedias
562 1170 598 1234 et
629 1164 835 1256 tragoedias
860 1163 1024 1254 profecto
1050 1183 1118 1238 neo
1210 1173 1213 1178 '

94 1269 246 1333 melenae
261 1265 411 1335 fnerunt
426 1271 591 1356 togatae,
617 1285 734 1356 aeque
756 1271 811 1335 est
832 1263 1018 1343 Quernlns
1038 1267 1119 1339 sive

94 1363 289 1450 Aulularia3
316 1366 399 1436 lieet
413 1362 792 1460 Kliulrbamerusffl),
815 1365 980 1438 Seneoae
995 1375 1118 1439 auoto-

94 1465 186 1536 rltate
216 1467 401 1552 indueras,
441 1467 613 1539 iudicium
646 1467 734 1538 illud
769 1467 816 1538 ad
847 1465 941 1538 bane
973 1490 1118 1562 quoque

94 1568 251 1638 rebulerit.
289 1565 449 1640 Facilius
472 1569 562 1640 illud
583 1571 776 1660 quadraret
796 1569 833 1640 in
853 1574 1118 1660 praetextatam

95 1685 172 1757 quas
192 1677 313 1738 tamen
333 1669 543 1761 seriptorem
564 1677 690 1741 eontra
710 1691 934 1742 oommunem
948 1670 1119 1764 loquendi

94 1789 185 1840 narn
207 1779 413 1863 togatarum
438 1772 582 1842 nomine
608 1770 830 1864 significasse
860 1794 934 1844 non
960 1783 1015 1844 est
1040 1795 1117 1845 oro·

95 1869 198 1941 dibile.
249 1870 366 1942 Reote
392 1881 512 1942 autem
537 1870 692 1944 Caesius
711 1873 851 1946 Bassus
862 1871 946 1969 182),
974 1875 1117 1948 omiss’u

94 1973 308 2060 generalibus
339 1975 567 2064 palliatarum
598 1981 637 2044 et
668 1982 873 2066 togatarum
898 1976 1116 2065 nominibus,

94 2069 150 2142 las
169 2075 314 2146 fabulas
340 2086 543 2146 enumerat:
576 2075 883 2166 tragoediam,
909 2084 1116 2165 praetex-

95 2177 234 2261 tatam,
262 2177 560 2261 comoediam,
586 2176 915 2261 tabernariam,
940 2175 1116 2248 Atella·

93 2294 192 2364 ram,
227 2275 601 2364 Rhintlronioam,
635 2277 801 2348 mimos.
869 2275 1116 2368 Planipedias,

93 2395 172 2465 qaae
196 2385 342 2469 praeter
365 2377 572 2470 Satyrioam
598 2385 634 2448 et
657 2380 875 2467 trabeatanr,
914 2379 960 2448 de
985 2381 1116 2472 quibas

92 2497 149 2548 ruo
172 2479 249 2552 loeo
277 2481 413 2552 dietum
438 2489 513 2568 est,
553 2480 822 2567 desiderantur,
862 2479 1019 2571 scriptor
1050 2481 1115 2553 ml·

95 2598 214 2650 norum
235 2583 382 2651 nomine
403 2582 546 2654 videtur
566 2583 862 2672 unaoomplexus
879 2603 980 2669 esse;
1004 2604 1116 2674 quam

94 2683 288 2766 praesertim
321 2691 484 2753 eaeteras
508 2683 653 2754 fabulas
678 2683 851 2776 singulari
876 2703 1025 2752 numero
1051 2705 1116 2774 po·

90 2783 208 2869 aab,
247 2783 318 2854 luas
343 2785 484 2874 mama
536 2782 660 2855 Causa
685 2794 805 2854 autem
832 2783 909 2854 eius
934 2782 988 2854 rei
1013 2785 1115 2855 vide·

92 2885 154 2970 tor,
184 2887 284 2976 quod
316 2885 425 2956 Bassi
456 2893 618 2977 temporo
649 2892 723 2955 tam
748 2879 884 2956 Graeci
908 2903 1015 2978 quam
1040 2883 1116 2956 llo·

28 3011 29 3020 ¹
91 2985 174 3054 naui
195 2987 401 3080 argumenti
426 2987 556 3058 mimos
588 2987 716 3057 eodem
748 2987 938 3058 mimmnm
970 2987 1115 3058 nomine

29 3149 31 3174 3
91 3082 358 3178 designaverint.

177 3188 481 3276 (tauritorium,
507 3195 627 3260 uuum
642 3189 744 3260 solae
757 3193 1018 3280 praetextatae,
1043 3195 1114 3259 tra·

92 3284 216 3376 beatae,
225 3290 455 3361 tabernariae
468 3291 630 3382 generali
644 3299 848 3383 togatarum
861 3290 1005 3360 nomine
1015 3312 1112 3360 oom-

91 3389 362 3477 prebeudantur‚
397 3413 443 3461 an
469 3394 577 3462 etiam
602 3392 797 3462 Atellanae
824 3397 861 3462 et
885 3386 1112 3482 planipediae

90 3483 151 3558 bno
171 3495 386 3564 referendae
410 3492 500 3579 sint,
527 3494 624 3586 quod
644 3495 770 3564 volant
796 3493 865 3562 viri
885 3493 1030 3583 quidam
1048 3495 1112 3564 do·

90 3589 148 3676 oti,
170 3601 210 3664 ut
223 3585 518 3691 Glrabotinsffl),
546 3591 819 3692 amquam),
846 3591 1112 3689 nuceranae),

91 3687 133 3758 dn
153 3691 381 3791 Bosiusffi‘),
422 3693 743 3793 Foroellinius¹⁸⁷).
801 3693 975 3766 Veterum
1006 3713 1112 3764 nemo

164 3841 238 3926 181)
261 3845 399 3928 Prolegg.
420 3847 456 3908 ad
478 3847 550 3906 bane
569 3845 627 3906 fab.
644 3847 692 3906 Vl.
721 3877 761 3894 -··
793 3843 868 3926 182)
890 3846 926 3905 de
946 3843 1062 3916 flebis,
1083 3865 1113 3923 p.

92 3924 162 3986 latu
181 3949 227 4007 ap.
250 3929 364 3990 Putarb.
384 3963 428 3978 -
456 3928 530 4008 183)
551 3932 587 3990 ai
609 3931 708 3992 Horat.
729 3930 819 4012 Epist.
841 3929 877 3989 ad
897 3929 956 3990 Pis.
977 3936 1050 3990 288.
1070 3961 1114 3976 -·

92 4008 156 4090 184)
182 4013 293 4076 ibisne.
324 4047 367 4062 -·-
397 4014 472 4093 ¹85)
499 4016 537 4076 sd
558 4017 635 4078 Fest.
657 4017 934 4098 a'rognmrnm.
961 4045 1003 4060 -
1036 4009 1111 4091 186)

91 4088 188 4156 ltdex.
210 4099 273 4158 erit.
294 4100 369 4160 ‘tul
390 4100 487 4173 XXL,
514 4101 562 4161 ubi
588 4101 663 4162 mini
690 4101 909 4180 planipediarun
938 4099 1000 4158 looo
1029 4097 1113 4178 psai

90 4185 154 4238 limt-
174 4215 217 4228 —
244 4181 318 4266 187)
339 4184 413 4246 Lex.
434 4186 504 4267 ling.
525 4185 592 4248 Lat.
615 4206 661 4249 vv.
676 4186 830 4257 Fabula,
852 4185 1030 4266 Togatae.

796 4287 810 4320 0

766 4279 789 4348 4
