2772 4968
1026 361 1101 438 llll
1141 395 1146 408 ·

12 525 14 590 ὲ
79 551 156 601 roro
192 538 292 600 emet
327 529 580 622 probabilitate
619 530 728 620 illud,
768 533 806 604 in
844 535 939 626 quod
978 534 1104 611 incidit

81 629 243 703 Munkius
266 632 313 702 dc
338 629 542 726 Pomponio
567 634 661 706 Bon.
686 656 721 726 p.
744 631 805 724 57,
845 636 940 708 hunc
964 644 1104 730 togata·

12 797 13 800 ,
77 755 146 804 rum
182 733 391 826 scriptorem
410 735 619 806 ·Atcllanas
661 758 805 830 quoque
840 739 1100 829 composuisse.
1180 740 1216 826 '‚

12 883 14 894 .
78 833 159 904 Nam
181 837 306 925 procul
337 836 447 906 dubio
476 836 634 907 Titinius
667 846 750 909 ante
774 836 1016 930 Pomponium
1048 841 1100 914 vi-

77 937 138 1024 xit3
163 945 197 1005 et
217 937 249 1006 si
261 934 488 1027 Pomponius
502 937 753 1010 Atellanarum
775 942 991 1012 artificiosae
1005 964 1100 1012 com-

12 1029 14 1044 '
77 1037 248 1128 positionis
270 1040 406 1129 primus
433 1048 561 1110 auctor
581 1041 768 1112 habendus
796 1056 868 1129 est,
896 1050 1011 1134 patet,
1037 1067 1100 1114 ne·
1129 1103 1134 1114 .

77 1141 192 1210 niuem
224 1149 307 1209 ante
340 1165 423 1210 eum
459 1143 638 1213 eiusmodi
670 1145 814 1216 fabulas
840 1145 992 1236 scriptas
1026 1145 1133 1216 edi-0

12 1267 13 1270 ¹
76 1242 170 1310 disse
220 1237 377 1312 Omnino
405 1242 533 1314 Titinii
556 1245 731 1337 reliquiae
759 1247 809 1314 ita
841 1257 925 1316 sunt
955 1267 1100 1338 cotupa·

75 1349 180 1428 rame,
206 1350 247 1414 nt
265 1344 410 1414 fabulas
431 1352 574 1436 togatas
595 1353 733 1418 tautum
749 1348 921 1438 prodant,
947 1368 1115 1438 quarum·

12 1483 14 1528 ξ
76 1446 330 1534 quatuordecim
361 1447 440 1516 fere
473 1446 591 1517 adhuc
631 1458 824 1537 supersunt
861 1448 965 1518 tituli.
1016 1445 1100 1520 Non

13 1569 14 1576 ¹
75 1545 240 1616 inlelicem
267 1555 386 1616 autem
414 1569 496 1616 eum
522 1549 558 1617 in
583 1549 663 1619 istis
682 1550 816 1620 fabulis
842 1550 1099 1639 componendis

12 1683 13 1688 =
75 1647 174 1716 fuisse
192 1655 268 1717 tum
290 1646 452 1718 Serenus
475 1655 530 1718 est
550 1651 670 1735 testis,
697 1652 759 1743 qui
780 1673 842 1721 eas
864 1651 982 1720 claras
997 1651 1100 1739 dixit,

12 1829 13 1834 η
76 1757 138 1817 tum
163 1748 281 1819 Varro
308 1753 455 1840 probat,
484 1773 605 1842 ·quum
638 1754 671 1821 ei
697 1761 835 1822 tantum
863 1761 899 1822 et
925 1751 1099 1822 Terentio
1200 1812 1207 1827 .

12 1875 14 1944 t
75 1846 155 1941 ἤθη,
178 1853 214 1921 id
238 1858 312 1935 est,
347 1873 467 1922 mores
493 1853 562 1922 sibi
588 1863 813 1940 constantes,
840 1874 988 1924 servare
1015 1876 1099 1922 oon·
1136 1911 1139 1918 i

12 1957 14 2014 ζ
76 1951 183 2043 tigissc
214 1953 351 2023 scribit.
409 1953 629 2044 Fragmenta
644 2013 651 2028 .
668 1956 747 2025 eius
785 1955 959 2044 pauciora
1005 1963 1101 2041 sunt,

76 2073 166 2143 quam
196 2062 237 2124 ut
270 2055 354 2123 inde
380 2062 481 2124 certo
509 2056 669 2124 iudicare
694 2057 829 2145 possis,
870 2075 977 2146 quam
1008 2056 1100 2125 felix

76 2155 167 2226 luerit
191 2157 227 2225 in
254 2157 477 2246 argumentis
508 2157 744 2226 inveniendis.
798 2155 1004 2226 Sententias
1036 2178 1098 2226 au·

76 2259 135 2326 tem
170 2258 205 2326 iu
236 2257 310 2326 illis
344 2257 463 2328 adhuc
496 2259 687 2328 nonnullas
720 2259 929 2347 reperimus.
988 2255 1100 2335 Quod

76 2359 114 2427 ad
141 2381 345 2428 sermonem
378 2360 456 2429 eius
490 2369 526 2430 et
551 2369 665 2430 metra
691 2361 834 2446 attinet,
871 2359 951 2448 plus
977 2358 1101 2429 simili·

12 2439 16 2526 l
76 2461 190 2532 tudinis
217 2461 390 2530 habuisse
416 2462 559 2530 videtur
585 2484 665 2530 cum
691 2458 843 2545 Plauto,
885 2481 994 2551 quam
1019 2481 1101 2530 oum

12 2545 18 2692 f
77 2557 245 2633 Terentio.
299 2559 395 2632 Nam
420 2571 671 2654 praeterquam
698 2564 794 2654 quod
816 2563 912 2651 apud
932 2584 1014 2630 eum
1040 2563 1102 2630 ad·

12 2713 13 2730 2
77 2659 134 2732 huc
157 2667 260 2754 plura
295 2664 495 2756 antiquiora
528 2667 641 2735 verba
675 2671 710 2734 et
745 2665 938 2742 verborum
963 2663 1102 2732 formas

12 2791 13 2796 ¹
75 2767 281 2853 reperimus,
326 2765 433 2834 etiam
472 2769 509 2834 in
551 2765 657 2835 novis
696 2763 872 2854 fingendis
912 2763 1101 2832 vocabulis

76 2886 191 2957 magna
216 2888 300 2936 cum
321 2867 496 2936 facilitate
522 2874 689 2938 versatus
714 2867 875 2953 videtur3
901 2871 939 2933 et
963 2865 1002 2933 in
1027 2885 1101 2933 me·

77 2966 130 3036 tris
152 2969 367 3059 usurpandis
393 2970 567 3039 maiorem
600 2970 697 3059 apud
723 2991 824 3054 eum,
865 2987 973 3058 quam
1006 2965 1102 3056 apud

79 3065 295 3153 Terentium,
336 3071 549 3139 varietatem
575 3069 885 3159 deprehendimus.
937 3063 1015 3137 Nec
1050 3075 1102 3136 ta·

76 3189 146 3238 men
170 3193 314 3260 semper
338 3193 468 3241 versus
495 3169 622 3241 Titinii
649 3193 763 3262 aeque
788 3169 892 3260 politi
917 3173 1102 3260 apparent,

12 3309 13 3334 t
79 3277 170 3362 alque
196 3272 422 3343 Terentiani.
475 3272 703 3364 Quamquam
729 3273 774 3340 dc
800 3270 870 3339 hac
901 3293 959 3355 re,
995 3291 1104 3362 quum

77 3369 266 3464 fragmenta
290 3373 387 3445 illius
413 3379 466 3444 tot
493 3374 632 3466 experti
658 3375 730 3444 sint
755 3393 879 3457 casus,
906 3371 1016 3441 hodie
1038 3370 1104 3440 vix

79 3485 162 3544 certo
198 3475 351 3545 iudicari
381 3483 511 3566 potest.
569 3474 688 3547 Porro
723 3475 830 3544 etiam
862 3473 900 3542 in
925 3473 1015 3542 iocis
1040 3471 1104 3540 fin-

79 3577 191 3662 gendis
222 3600 296 3646 non
329 3578 479 3648 multum
506 3577 716 3649 discessisse
740 3577 884 3660 uidetur
910 3597 933 3644 a
957 3572 1103 3644 Plauto.

79 3672 144 3746 Sed
173 3679 218 3747 de
252 3678 330 3766 his,
369 3702 461 3772 quae
486 3687 668 3773 postrema
700 3678 875 3764 diximus,
915 3675 1105 3747 videantur

78 3773 148 3865 ipsa
171 3781 385 3872 magmema.
