2824 4966
1092 357 1149 436 85

106 529 188 602 cies
219 535 275 600 est
304 529 512 602 fabularum
543 528 776 620 Latinarum,
815 553 911 626 quae
943 553 966 602 a
1001 531 1149 604 civitate

108 628 311 717 Oscorum,
338 631 482 718 Atella,
515 633 552 702 in
576 655 649 726 qua
672 634 826 724 primum
852 640 1019 726 coeptae,
1044 634 1149 706 Atel·

107 733 218 804 lanae
244 732 360 802 dictae
393 742 476 804 sunt
494 774 562 804 —.
623 734 765 813 (lucrm
789 735 930 826 species
955 743 1011 806 est
1034 734 1147 827 plani·

107 835 234 924 pedis,
272 836 334 926 qui
367 828 510 906 Graece
543 835 673 906 dicitur
702 837 876 908 mimus.“
933 836 1040 916 Quae
1065 859 1147 928 pro·

106 937 210 1006 fecto
234 935 321 1006 talia
347 944 448 1022 suut,
474 938 781 1028 utgrammaticus
801 961 875 1010 uon
891 945 1028 1010 tantum
1043 960 1147 1030 prac-

106 1043 286 1108 tcxtatam
312 1045 349 1107 ct
372 1039 631 1125 tabernariam,
666 1040 861 1110 sedetiam
881 1041 1090 1111 Atellanam
1112 1045 1148 1110 et

105 1139 352 1229 planipediam
377 1161 444 1229 pro
471 1141 603 1232 togatis
629 1139 765 1212 habere
788 1141 965 1213 videatur.
1023 1139 1146 1212 Nihilo

104 1262 199 1311 vero
225 1240 344 1312 miuus
368 1239 463 1312 lranc
486 1243 564 1312 eius
585 1243 798 1315 sonandam
821 1265 895 1314 non
920 1265 1019 1329 esse,
1047 1240 1147 1316 colli·

105 1362 198 1433 gere
234 1342 321 1414 licet
356 1343 417 1412 vel
446 1365 493 1414 ex
518 1343 581 1414 illo
609 1343 713 1430 loco,
751 1365 857 1436 qoem
889 1365 998 1436 supra
1029 1343 1147 1414 attuli·
1209 1435 1211 1442 Ι

105 1465 209 1516 mus:
236 1443 371 1532 „Initio
398 1453 543 1537 togatae
569 1447 779 1517 comoediae
801 1446 1022 1532 dicebantur,
1049 1445 1147 1538 quod

106 1547 235 1618 omnia
259 1547 297 1616 in
322 1546 485 1636 publico,
518 1546 658 1618 honore
684 1547 856 1634 confusa,
892 1548 1148 1635 cernebantur3

105 1671 223 1741 quae
255 1655 444 1740 togatae
476 1657 639 1739 postea
669 1649 714 1720 in
745 1655 1063 1740 praetextatas
1103 1655 1147 1718 ct

106 1741 404 1822 tabernarias
426 1749 791 1821 dividebantur.“
822 1747 1022 1822 Praeterea
1038 1750 1147 1819 etiam

106 1854 144 1922 in
179 1852 242 1921 illo
275 1852 390 1923 altero
420 1851 503 1922 loco
536 1852 729 1922 discrimen
761 1852 848 1922 tacit
879 1853 971 1924 inter
1003 1852 1147 1922 tabulas

106 1961 256 2046 togatas
275 1951 488 2024 ctLatinas.
522 1951 657 2024 Scribit
677 1952 772 2024 enim
796 1952 942 2043 prima
966 1953 1147 2043 specics

107 2054 371 2148 (praetextata)
412 2062 468 2125 est
505 2061 781 2147 togatarum,
822 2054 1021 2124 secunda
1052 2074 1146 2143 spe·

107 2158 206 2228 cies
234 2153 470 2250 (tabernaria)
497 2164 781 2249 togatarum
819 2163 856 2225 at
888 2154 1027 2224 tertia
1053 2174 1147 2244 spe·

106 2260 207 2330 cies
241 2257 445 2352 (Atellano)
486 2265 541 2326 est
574 2258 836 2328 fabularum
869 2254 1146 2340 Latinarum,

106 2371 272 2453 quarta
296 2360 478 2449 species
504 2368 560 2429 cst
585 2355 863 2450 planipedis,
890 2357 953 2428 ubi
978 2355 1148 2448 generale
1210 2406 1214 2415 .

105 2483 242 2532 nomen
264 2482 413 2550 prorsum
434 2460 582 2547 omittit,
618 2461 703 2552 quia
728 2460 836 2530 modo
870 2458 1061 2528 antecessit
1084 2457 1146 2528 fa·

105 2563 318 2634 bolarum
338 2561 626 2645 Latinarum,
652 2564 752 2654 quod
768 2561 877 2630 etiam
893 2561 965 2630 huc
981 2559 1144 2650 pertinet.

8 2695 10 2742 ι
105 2661 229 2736 Porro
255 2664 378 2754 paullo
404 2663 556 2733 inferius
588 2665 719 2753 legitur
751 2669 909 2753 togata
941 2667 1145 2751 praetex-

106 2773 225 2850 tata,
267 2772 425 2856 togata
457 2765 741 2851 tabernaria,
782 2785 959 2856 nusquam
990 2766 1147 2852 togata

105 2866 378 2958 planipedia
403 2866 463 2935 vel
489 2873 646 2957 togata
672 2865 902 2936 Atellana.
947 2861 1146 2934 Diomedes

106 2969 237 3061 igitur,
262 2975 304 3037 ut
328 2968 463 3038 caeteri
485 2969 679 3060 scriptores
705 2967 842 3059 antiqui
867 2987 1010 3052 omncs,
1044 2963 1146 3034 Atel·

106 3071 213 3140 lonas
246 3075 283 3139 et
308 3068 531 3159 planipedias
564 3091 586 3137 a
611 3069 743 3160 togatis
770 3068 956 3154 discernit3
994 3066 1059 3136 sed
1084 3072 1147 3134 aut

106 3172 161 3240 ita
186 3171 339 3240 confuso
365 3171 523 3260 scripsit,
564 3177 604 3239 ut
627 3169 806 3241 sententia
839 3171 916 3238 eius
944 3167 1008 3236 vix
1032 3165 1147 3256 possit

107 3272 280 3363 intelligi,
317 3280 398 3357 aut,
423 3273 461 3341 id
486 3271 583 3364 quod
608 3271 688 3361 plus
714 3269 1032 3341 verisimilitudinis
1056 3288 1146 3358 prae

108 3397 150 3444 sc
176 3375 267 3459 lert,
306 3373 409 3444 locas
434 3373 495 3442 illc
521 3373 653 3444 allatus
679 3373 811 3442 alicubi
835 3371 967 3452 mendo
993 3369 1144 3439 laborat.

75 3503 80 3514 ·
106 3474 325 3566 Legcudum
350 3483 422 3544 est:
453 3473 755 3560 „Latinarum
780 3475 984 3544 fabularum
1005 3471 1145 3562 specics

107 3583 162 3646 tot
187 3577 268 3646 fere
292 3584 395 3661 sunt,
427 3582 514 3667 quot
538 3583 570 3646 ct
599 3576 869 3665 palliatarum.“
918 3571 998 3644 Nec
1018 3573 1144 3662 depra-

106 3678 267 3747 vationis
293 3699 404 3748 causa
428 3699 501 3748 nou
530 3683 584 3746 est
609 3677 646 3748 in
671 3683 847 3768 promptu.
899 3674 1143 3764 Exspectare·

107 3785 167 3848 rat
198 3777 345 3870 aliquis,
385 3787 425 3848 ut
455 3801 528 3848 non
559 3778 705 3849 fabulae
730 3779 884 3849 Latinae
916 3785 952 3846 et
975 3773 1143 3864 palliatae

108 3880 204 3950 inter
235 3901 276 3950 se
309 3888 592 3972 opponerentur,
633 3883 699 3951 sed
723 3887 869 3974 togatae
902 3884 938 3946 et
961 3874 1141 3966 palliatae,

108 3983 391 4073 mutandamque
424 3981 495 4052 sibi
519 3982 675 4068 censuit,
715 3983 882 4074 ignarus,
915 3997 1040 4046 omncs
1066 3975 1142 4068 qui·
1181 3977 1183 3986 ⁴

8 4125 10 4140 ·
109 4084 192 4152 dem
221 4077 356 4154 Graeci
389 4084 590 4176 argumenti
620 4083 765 4156 fabulas
798 4078 999 4174 apelliatis
1024 4077 1141 4150 histri-
