2774 4972
1028 389 1105 470 rut

114 646 363 749 Postedquem
395 655 549 750 erripuit
571 649 694 730 ribies
725 656 823 730 hunc
854 557 1108 734 nos-dnm

724 783 800 831 rem

114 856 261 945 Mare,
298 858 499 947 coelum,
535 781 841 933 terrerirurdeie
876 885 920 934 no
952 870 1107 936 tremere

671 954 853 1036 diceres.“

72 1060 224 1140 erripuit
244 1061 376 1121 relies.
419 1061 522 1121 Editur
548 1064 688 1144 erripui
710 1066 849 1137 treber,
871 1065 946 1144 quod
968 1083 1020 1124 nec
1040 1085 1105 1126 sen-

71 1147 170 1206 tentine
191 1165 246 1207 nec
266 1153 356 1206 metro
377 1153 472 1228 uptun
493 1153 547 1208 est.

481 1299 686 1310 ——-—--

147 1417 250 1498 Augur
268 1417 339 1476 hoec
359 1415 456 1476 subulo
475 1437 566 1496 poene
587 1415 689 1496 ultique
710 1415 827 1490 dicitur,
848 1418 935 1479 semel
954 1419 1102 1500 Auguresr

71 1509 96 1559 et
113 1519 206 1560 serem
230 1521 295 1560 csse
315 1501 390 1560 illurn
410 1501 630 1580 inscriptionem,
652 1509 769 1582 eppuret
791 1521 828 1560 ex
843 1502 945 1586 fragm.
957 1503 992 1562 V.
1015 1503 1103 1583 Sequi

6 1611 8 1676 p
71 1592 156 1644 eutero
177 1586 271 1665 potuit
297 1587 326 1644 io
349 1605 384 1645 en
412 1586 561 1645 scribenda
582 1586 717 1646 Afranius
736 1588 884 1646 Menandri
907 1585 1104 1648 ΔεισιδαΙ-

6 1685 7 1706 ¹
70 1692 174 1746 poro,
204 1689 277 1749 qune
309 1670 405 1730 sobole
430 1677 493 1730 tots
519 1691 656 1750 expresse
677 1679 740 1732 eret
760 1691 798 1731 ex
818 1672 986 1751 Antiplrsnis
1011 1671 1104 1733 Olor-

6 1775 7 1782 *
71 1757 180 1836 νισιῇ.
223 1754 334 1814 Afranii
364 1775 434 1815 sero
461 1757 605 1836 Augurem
633 1765 732 1816 contro
766 1765 954 1836 respexerunt
979 1756 1104 1818 fortusse

71 1841 238 1920 Pomponius
259 1851 289 1900 et
309 1840 465 1912 Laberius,
493 1860 576 1919 quoru
604 1842 788 1924 cognomines
808 1841 919 1902 fabulor
941 1861 1008 1900 suns
1029 1862 1105 1902 con·

71 1933 212 2004 ponerent.
256 1925 410 1992 Quaeritur
431 1933 533 1998 eutem,
555 1927 694 2006 qnornodo
715 1945 818 2007 nugor,
840 1926 887 2004 qui
908 1927 1004 2006 potius
1022 1946 1104 2005 proe-

72 2017 192 2070 tcxtutne
211 2030 334 2091 persone
349 2011 493 2069 debendus
511 2018 565 2082 cst,
588 2011 796 2090 repraesentari
815 2011 940 2090 potuerit
954 2010 983 2068 in
1002 2017 1105 2092 togetu

72 2095 236 2156 tebernurio.
279 2095 485 2154 Tubernerirm
519 2095 591 2154 enim
624 2093 735 2155 Afranii
764 2096 909 2176 Augurem
936 2093 1040 2166 fuisse,
1073 2101 1106 2154 ut

74 2187 193 2240 coeteras
215 2179 277 2239 eius
297 2179 408 2240 subules
429 2200 541 2253 onnes,
575 2199 613 2240 ex
634 2178 802 2260 fragmentis
822 2179 919 2259 liquet.
962 2181 1025 2239 Non
1048 2178 1104 2260 igi-

74 2271 114 2322 tnr
133 2265 245 2346 proprie
267 2265 326 2336 lric,
353 2266 428 2324 sicut
455 2265 538 2324 etium
566 2265 594 2322 in
621 2264 769 2344 Pomponii
798 2273 828 2324 et
853 2263 969 2324 Laberii
990 2263 1102 2334 sobolis,

73 2349 139 2408 istud
164 2370 265 2408 nomen
293 2356 456 2429 usurpatum
488 2369 552 2408 esse
574 2349 711 2420 arbitror,
734 2369 817 2428 quum
839 2347 886 2408 olii
908 2367 1034 2428 quoquc,
1055 2346 1103 2426 qui

74 2435 105 2491 od
124 2455 260 2516 rugorum
283 2434 432 2516 collegium
456 2454 510 2492 non
534 2435 722 2513 pertinerent,
756 2433 852 2493 futuru
878 2441 969 2492 tnrnen
992 2430 1103 2512 proedi-

74 2529 178 2591 cerent,
201 2539 327 2596 rropnrcs
350 2520 481 2598 appellati
502 2521 569 2576 sint.
614 2519 695 2577 l'idd.
717 2519 819 2579 Cicero
843 2519 879 2578 de
898 2518 993 2579 llisin.
1010 2518 1033 2576 l.
1051 2524 1102 2592 40,

74 2603 155 2681 Epist.
176 2605 213 2664 od
235 2604 302 2664 tuor.
320 2604 368 2664 Vl.
385 2613 419 2676 ὃς
442 2603 559 2664 llsidius
579 2604 651 2662 lluc.
663 2611 715 2666 79.

478 2754 691 2767 —---...—

364 2871 812 2932 BRUNDUSINA.

574 2990 597 3048 l.

149 3109 259 3169 Nonius
279 3129 307 3188 p.
321 3115 363 3169 97
385 3109 429 3168 ed.
442 3109 547 3168 Mero:
568 3108 805 3190 „liegnlesse
826 3113 871 3166 est
884 3108 970 3188 gulae
982 3105 1104 3166 dedisse.

74 3192 198 3254 Afranius
220 3195 249 3253 in
272 3193 463 3252 Brundisinis:

100 3273 224 3350 'lrurno
240 3281 447 3349 iamdudum
463 3271 689 3364 decubuisse,
704 3278 896 3371 ddgnlnsse
911 3274 1106 3366 oportuit.“

75 3377 312 3440 Brundisinis.
340 3381 412 3440 ten.
432 3381 454 3440 l.
472 3380 508 3438 ll.
536 3381 603 3439 Por.
631 3381 755 3440 Bruto.
786 3380 850 3438 Ald.
883 3373 1104 3436 Brundisini.

74 3462 133 3523 lien
153 3464 405 3525 Brundusinir.
427 3497 468 3510 -
491 3464 664 3525 diunius
692 3464 727 3523 in
749 3462 1010 3522 Brundusinis:
1042 3459 1106 3518 De·

75 3551 216 3628 gelasse
243 3550 411 3630 oportuit
444 3551 551 3632 legitur
583 3550 666 3610 etium
695 3549 769 3628 opud
799 3546 994 3607 Charisiuml.
1022 3549 1108 3622 p.80

76 3635 114 3691 ed.
144 3637 259 3695 l'utsolr.
281 3669 324 3680 -·
352 3636 489 3694 Botlrinsz
520 3633 777 3708 „Occubuisse
806 3633 882 3695 volet
913 3629 1107 3690 occubuisse.“
1141 3695 1144 3702 Δ

75 3717 186 3780 l'idetur
206 3722 251 3780 hic
271 3722 419 3783 verborum
441 3720 519 3780 lusus
541 3740 621 3789 esse,
650 3739 733 3797 quern
761 3717 875 3798 scripsit
903 3723 988 3796 poeto
1008 3729 1108 3772 oceu-

76 3801 192 3865 buissc
220 3825 270 3885 pro
304 3806 518 3865 occubuisse
545 3813 575 3864 et
597 3805 811 3885 degulorse,
843 3802 918 3880 quod
944 3799 1034 3858 simile
1064 3801 1109 3856 est

77 3889 155 3949 serbo
177 3891 406 3962 decollasse,
428 3911 480 3971 pro
502 3891 707 3952 devorasse.

583 4009 619 4068 ll.

154 4110 262 4168 Nonius
293 4131 321 4189 p.
345 4117 404 4172 123
438 4111 483 4168 ed.
512 4111 617 4170 llere:
652 4105 868 4194 „implicare
902 4101 1023 4182 positum
1059 4117 1110 4179 pro

81 4209 182 4254 ornere.
216 4193 352 4254 Afranius
372 4195 403 4254 in
424 4195 599 4262 Brundusio:
