2774 4972
1048 338 1119 418 till

27 462 29 578 l
100 513 169 586 repa
187 506 340 580 amnone,
361 527 395 568 ae
415 508 565 588 reeiperat,
586 516 745 588 neuque
759 510 940 590 relinquerat.
977 511 1122 576 Awolam

26 585 28 636 l
99 591 175 672 igitur
198 611 293 674 pagna
317 592 384 654 vieti
410 594 553 656 viam-t:
584 593 711 673 Pyrrhae
742 595 833 656 vietor
866 615 904 660 ex
932 614 967 656 ea
993 595 1120 676 poreeplt

99 676 284 748 detrinentum,
305 677 426 740 Romani
445 678 529 751 vieti,
549 697 633 758 quun
654 699 690 740 aa
710 679 793 760 gravi
814 681 896 742 ante
916 679 1029 744 liberati
1049 680 1117 754 aiut,

97 760 186 822 labori:
210 759 338 824 fructum.
382 764 532 826 contem
552 763 658 826 Titinii
683 783 799 838 remur,
831 785 852 826 a
870 765 958 826 aaa
978 766 1032 830 but
1053 765 1117 829 hau

96 845 182 922 pond,
211 847 314 926 annoti
343 847 474 910 videntur
502 869 541 910 ax
574 849 728 910 Veliterno.
776 847 961 930 significator
994 849 1118 912 fortunae

95 949 170 1001 uror,
209 950 297 1009 qaae,
330 931 412 992 dano
440 934 574 1012 mulsa,
607 933 701 994 dotem
729 934 839 1013 repetit.
883 933 928 996 (ll.
956 935 1117 998 Veliterana

94 1013 184 1096 fragm.
197 1015 229 1078 V.
251 1023 282 1078 at
302 1015 332 1078 iu
352 1015 411 1078 liae
432 1018 494 1080 eiua
514 1016 629 1081 fabulae
649 1019 828 1096 reliquium
849 1026 996 1084 ιιιιιιιιὶιιὲιι.

544 1169 636 1232 Xl'll.

161 1283 323 1344 Priaalanna
341 1285 390 1345 Vl.
411 1294 440 1348 ³.
464 1291 514 1350 lb.
541 1309 569 1367 p.
587 1295 650 1350 00³
680 1307 725 1368 ap.
752 1286 886 1348 Puteola:
919 1285 1053 1360 „Narro
1074 1319 1116 1334 -

91 1369 229 1429 mannia
249 1377 295 1429 eat
317 1371 450 1452 guerin,
471 1379 501 1432 et
521 1405 563 1422 κ·
585 1392 605 1432 a
624 1372 654 1432 ia
676 1373 685 1432 i
706 1372 848 1434 unvmtit
867 1371 896 1432 in
918 1371 1062 1453 genitivo,
1085 1379 1117 1430 ut

91 1472 174 1514 rano
194 1455 356 1515 neminie.
378 1487 422 1506 ι-
443 1457 586 1518 Titin'nra:

779 1583 828 1596 --
855 1539 965 1620 Quae
990 1555 1113 1634 rogan,

129 1637 314 1712 Neminem
340 1632 445 1712 deedt
469 1643 648 1716 bonam.“
672 1685 723 1695 -

539 1795 644 1858 xvia.

16 1829 21 1952 l
156 1908 439 1974 emelinam.
456 1919 506 1976 13.
527 1933 554 1996 q.
570 1921 653 1975 1010
674 1933 719 1994 ap.
734 1911 866 1974 ronan:
894 1907 1114 1982 „Severiter

87 2029 130 2090 pro
149 2031 257 2076 aaran.
284 2011 413 2078 'l'itlniar
433 2046 490 2080 -.
516 2013 592 2078 iden
616 1997 804 2084 blanditer,
830 1995 1076 2094 benigniter.“

549 2148 630 2207 xlx.

157 2267 303 2326 Charisius
323 2265 346 2326 l.
380 2289 408 2346 p.
426 2273 469 2327 ⁴0
490 2287 535 2345 ap.
561 2266 694 2326 Peteon:
728 2265 797 2339 „Ab
823 2265 892 2324 boe
917 2284 1000 2324 oeae
1029 2263 1113 2323 buioa

86 2349 155 2409 uaria.
196 2353 246 2412 Sic
273 2352 346 2411 enim
374 2350 459 2410 debet
485 2351 633 2422 declinari,
662 2371 718 2410 aon
751 2351 786 2409 ab
818 2351 881 2409 boe
914 2369 1011 2423 aaao;
1038 2349 1113 2408 aient

11 2443 13 2494 l
87 2431 163 2494 l'arro
183 2437 272 2496 dixit:
295 2436 386 2496 Onne
406 2435 628 2508 scribebant3
650 2443 680 2494 et
701 2435 843 2496 Titiniae:

11 2505 13 2516 ’
195 2561 247 2574 -
273 2519 395 2592 Velim
422 2543 491 2613 ego
518 2544 601 2592 oeae
628 2512 739 2630 arrqu
761 2542 925 2610 eampum
952 2511 1109 2590 ebreum.

11 2643 13 2690 3
85 2617 162 2679 Huius
187 2622 377 2684 nominativus
403 2629 448 2682 eat
473 2624 539 2682 boe
569 2642 623 2694 oa:
656 2622 782 2701 quamvis
805 2617 886 2700 (Cn.)
909 2619 1017 2680 Gellio:
1039 2620 1110 2678 libro

11 2723 13 2778 g
84 2701 205 2766 xxxin.
228 2707 349 2767 dixerit:
381 2707 648 2786 calvariaeque
675 2706 754 2766 eina
781 2706 890 2785 ipson:
914 2724 1030 2763 oerum
1052 2723 1110 2762 ex·

11 2807 12 2846 ι
85 2799 276 2871 purgarunt
297 2791 617 2870 inauraruotqoe.“
644 2792 718 2850 ldem
740 2791 762 2849 l.
785 2811 812 2868 p.
828 2797 902 2850 tlt:
926 2788 991 2862 „lla
1013 2807 1109 2845 mono·

84 2873 203 2948 syllabam
225 2883 311 2940 extra
331 2875 490 2957 analogiam
511 2895 576 2936 eane
597 2876 705 2935 Plinioa
727 2875 825 2934 eodeni
846 2873 918 2932 libro
940 2879 1023 2932 sexto
1041 2871 1110 2930 aeri-

84 2955 130 3028 lit,
149 2969 177 3018 et
196 2961 290 3032 addit,
313 2981 348 3020 eo
370 2962 461 3043 megia
482 2961 711 3020 consuetudinem
733 2960 761 3018 in
785 2979 820 3019 eo
842 2979 906 3018 ease
925 2957 1109 3016 retinendam.

84 3039 212 3104 Titinius:
238 3045 347 3104 Velim
369 3066 394 3105 e.
417 3065 444 3105 o.
467 3066 493 3106 a.
516 3065 540 3106 e.
563 3065 590 3118 c„
618 3046 707 3104 Varro
728 3064 853 3124 quoque:
883 3044 987 3114 Oeae,
1009 3041 1109 3120 inquit,

82 3127 298 3200 scribebant,
327 3150 383 3189 non
411 3150 504 3190 osso.
547 3131 667 3190 Oraoar
690 3130 744 3188 diei
768 3149 823 3187 non
846 3135 950 3208 potest.
974 3161 1015 3172 -
1042 3127 1109 3186 Gel-

83 3209 129 3270 lin
148 3220 262 3275 tanen“
284 3222 339 3274 ete.
383 3214 558 3294 Comparatio:
580 3215 654 3275 inter
675 3214 752 3294 ipsos
773 3214 817 3272 bie
839 3212 909 3272 loeia
931 3218 1057 3292 apparet,
1079 3211 1109 3268 in

82 3295 165 3370 priore
192 3319 289 3360 eorum
319 3299 469 3381 legendum
491 3320 570 3371 eane,
593 3308 625 3359 ot
646 3298 834 3358 correximus:
867 3297 979 3355 lloioe
1002 3295 1108 3353 nomi-

82 3382 213 3444 nativos
235 3391 294 3442 eet
314 3385 377 3444 bae
399 3403 453 3458 aa,
481 3405 553 3456 noo,
587 3383 814 3464 quamadmodum
837 3382 939 3440 editum
963 3387 1021 3450 eat,
1043 3380 1109 3438 boe

11 3511 12 3518 ι
82 3481 164 3526 orae.
201 3469 301 3546 Neque
328 3468 417 3550 igitur
446 3469 567 3527 Botlrioa
601 3468 807 3547 reprehendere
839 3465 960 3524 debebat
993 3463 1109 3542 Soaipa·

81 3553 157 3624 buu,
192 3554 273 3632 quani
300 3573 382 3612 osae
404 3571 455 3632 pro
478 3552 647 3613 nominativo
670 3551 806 3612 babuerit.
849 3550 1001 3628 Perperom
1024 3548 1108 3606 etiam

81 3629 105 3690 iu
134 3637 221 3696 altero
248 3638 312 3698 loeo
345 3638 453 3718 legitor
480 3639 525 3698 Oa
557 3636 817 3715 monosyllaba,
846 3635 922 3714 quod
950 3629 1108 3692 emendem

81 3734 142 3778 uua.
162 3755 202 3767 --
233 3723 318 3803 (lurp.
340 3723 472 3782 Bortbloa
493 3724 611 3784 Adrera.
628 3722 675 3780 lv,
694 3729 748 3782 21:
779 3719 923 3792 „Veteres
950 3738 1011 3776 eum
1033 3714 1107 3775 eale-

81 3819 175 3864 norum
202 3825 270 3866 uana
292 3828 347 3867 noa
370 3815 461 3879 eaaet,
494 3809 617 3866 seribere
639 3806 768 3865 nolebant
789 3804 900 3864 oaaibns
921 3799 1105 3882 praeparatio,

80 3883 160 3965 linque
186 3891 269 3952 etiem
295 3892 340 3952 nai
367 3892 429 3952 viee
450 3892 584 3970 stylorum
607 3891 634 3949 in
656 3895 757 3950 eera.“
801 3887 911 3948 Deinde
933 3885 1016 3945 affert
1037 3885 1107 3943 Var-

79 3971 149 4031 roni:
175 3975 266 4035 loeura
293 3977 460 4057 Titiniiqoe.
504 3977 562 4036 Sed
589 3993 626 4036 ex
648 3976 690 4034 loia
718 3974 826 4054 quidem
848 3972 919 4032 looie
940 3991 996 4030 oon
1018 3975 1107 4048 patet,

80 4063 181 4118 vetarer
207 4061 290 4123 etiam
316 4083 368 4142 pro
396 4061 510 4124 ealamia
539 4081 607 4120 naor
634 4081 698 4120 ease
725 4059 851 4132 ansibus:
882 4076 973 4138 neque
994 4053 1107 4114 omnino

80 4135 139 4200 illud
159 4151 204 4204 eat
229 4147 383 4226 probabile.
424 4146 529 4208 Procul
556 4145 651 4220 dubio,
672 4145 838 4224 simulatque
860 4148 1016 4203 enemente
1038 4137 1107 4198 reri-
