2824 4966
228 565 317 644 dia·
333 559 628 653 histrionem
664 567 709 634 ut
734 560 949 655 planipes
973 559 1029 632 de
1059 549 1272 632 inimo-sit

227 669 358 741 mimus
389 666 555 759 planipes
588 673 632 736 et·
656 664 825 736 histrio
858 666 913 736 de
938 661 1179 735 oomoediu
1208 679 1271 732 eo-

226 771 391 842 moedus
444 767 589 846 Quodsi
603 779 748 838 sumere
764 767 898 855 velles,
923 767 1071 837 mimum
1083 756 1280 856 praesu-¹

226 873 364 942 liorem·
389 869 523 958 fnisse,
562 891 670 962 qnam
694 870 941 961 planipedem,
981 867 1090 938 simul
1114 863 1272 938 uulsa-

226 972 398 1045 mendum
423 979 540 1059 esset,
576 965 788 1044 histrionem
811 971 1112 1064 praestantiorem
1142 965 1272 1051 inissa,

228 1095 336 1168 ‘imm
367 1075 602 1164 comoedum
640 1082 695 1160 et,
727 1075 760 1145 si
791 1097 876 1145 enm
907 1071 1079 1165 Zieglero
1110 1076 1149 1142 et
1173 1064 1275 1138 lteu·
1402 1139 1403 1150 χ

225 1177 356 1248 veusio
389 1183 587 1264 statueres,
627 1177 858 1275 planipedem
886 1176 1003 1248 fuisse
1033 1167 1274 1264 praestantio-
1402 1179 1403 1220 ³

227 1301 323 1366 ΜΒ,
350 1299 459 1372 <luam
482 1278 650 1365 mimum,
671 1280 812 1370 'pariter
831 1285 994 1349 statuere
1014 1277 1186 1357 debmm,
1210 1291 1274 1340 eo·
1402 1279 1403 1308 ³

229 1382 400 1452 moedum
424 1381 550 1452 inisse·
564 1382 882 1471 praestantiorem,
915 1399 1023 1471 qnam
1048 1375 1272 1446 histrionem.

229 1473 430 1575 Utrumque
465 1482 658 1554 manifesto
701 1485 890 1553 absonum.
957 1478 1115 1550 Videtur
1144 1480 1275 1546 'autem

230 1585 386 1675 seriptor
409 1585 448 1658 id
469 1583 677 1676 significare
702 1586 883 1670 voluisse,
922 1583 992 1653 sibi
1017 1578 1169 1651 dieteria
1200 1592 1275 1645 nou

231 1683 321 1756 esse‘
348 1686 385 1754 in
409 1675 595 1790 promptu,
615 1722 618 1735 ·
635 1685 939 1777 quemadmodum
972 1673 1090 1754 mimis
1113 1678 1276 1774 planipe-

106 1772 115 1790 ’
231 1785 401 1857 diboset
416 1788 624 1858 ‘comoediae
671 1786 827 1859 Etiamsi
851 1788 962 1879 igitur
984 1783 1173 1856 Ausonius
1197 1780 1274 1870 pla·

232 1881 434 1978 nipedibus'
464 1889 599 1980 aliquid
630 1889 779 1977 tribuit,
826 1890 924 1982 quod
963 1885 1117 1958 caeteris
1156 1881 1276 1952 mimis

232 1989 441 2060 adiudicare
480 1989 645 2077 videtur,
683 1999 813 2062 tamen
852 1991 891 2059 id
931 1989 979 2065 ad
1016 1979 1276 2082 praestantiam

232 2111 359 2162 eornm
380 2091 604 2164 reterrinon
621 2087 766 2186 potest,
784 2112 906 2186 neque
931 2097 987 2162 est
1008 2089 1153 2160 omnino
1179 2087 1275 2156 eins-

231 2193 348 2280 modi,
375 2195 473 2285 quod
497 2196 617 2266 solum
642 2187 984 2287 eiicere-potuerit,
1010 2199 1051 2262 ut
1076 2198 1151 2260 tam
1176 2193 1276 2260 certa

231 2295 372 2366 ratione
403 2296 509 2366 mimi·
530 2304 566 2367 et
590 2287 801 2389 planipedes
827 2291 922 2368 inter
947 2317 987 2366 se
1012 2293 1276 2385 distingueren-

233 2401 303 2467 tur.
355 2393 768 2494 Porrodalttaelrtusffl)
787 2406 906 2492 putat,
933 2395 1125 2467 mimorum
1144 2412 1278 2463 nomeu

233 2488 419 2568 honestius
438 2499 577 2585 misse,
618 2513 725 2592 quam
751 2489 1001 2592 planipedum,
1041 2519 1151 2590 quum
1182 2496 1278 2564 inter

233 2599 363 2671 mimos
390 2597 499 2672 etiam
525 2610 663 2686 essent,
690 2601 753 2694 qni
779 2602 940 2694 ethologi
966 2601 1151 2685 audirent,
1179 2597 1279 2690 qnod

234 2722 355 2772 mores
379 2701 565 2774 hominnm
598 2703 688 2774 iocis
713 2703 875 2775 honestis
901 2702 1146 2794 exprimerent
1159 2701 1278 2792 'atque

233 2804 420 2873 sententiis
447 2805 555 2878 etiam
577 2805 807 2896 gravioribus
834 2804 1039 2892 condirent3
1065 2795 1278 2894 planipedes

235 2911 356 2974 antem
390 2915 602 2996 argumenta
628 2906 804 2979 vilissima
837 2914 874 2977 et
896 2906 1128 2976 tenuissimas
1152 2921 1278 2995 perso·
1347 2908 1352 2919 ’

234 3023 302 3074 uas
326 3005 525 3096 referrent3
551 3010 745 3100 laudatque
770 3010 818 3080 ad
836 3008 1055 3079 sententiam·
1073 3021 1177 3076 snam
1195 3023 1279 3096 pro·

233 3106 401 3178 bundam·
421 3103 559 3181 Donati
591 3111 782 3208 verba&
822 3107 1073 3200 „Planipedia
1098 3109 1194 3179 dieta
1228 3107 1277 3176 ob

233 3205 470 3282 humilitatem
496 3213 699 3304 argumenti
726 3211 804 3282 eius
834 3235 878 3283 ac
902 3213 1077 3282 vilitatem
1103 3217 1278 3296 aetorum,

233 3311 296 3403 qui
326 3333 399 3382 non
433 3313 609 3384 cothurno
643 3309 708 3386 ant
739 3333 848 3406 soyoeo
880 3320 1029 3386 utuntur
1061 3313 1098 3381 in
1132 3331 1278 3396 scaena,

232 3412 300 3483 sed
325 3415 433 3506 plano
460 3418 597 3505 pede.“
647 3417 701 3487 At
724 3407 887 3508 ethologi
912 3417 992 3501 isti,
1026 3435 1117 3506 quos
1143 3409 1280 3483 (lallia-

233 3512 336 3585 ahias
353 3527 630 3605 commemorat,
655 3526 908 3611 praeterquam
926 3515 1023 3610 quod
1040 3516 1187 3585 dubium
1210 3518 1279 3600 est,

232 3637 352 3687 nonne
376 3618 586 3711 planipedes
602 3635 754 3714 quoqne
781 3611 833 3690 ita
857 3618 1029 3711 appellati
1052 3618 1143 3704 sint,
1170 3614 1281 3684 etiam

232 3717 380 3792 minime
401 3727 473 3792 tam
494 3721 649 3793 honesto
675 3726 785 3794 modo
805 3722 991 3792 hominum
1017 3741 1137 3789 mores
1162 3717 1281 3787 imita·

234 3817 382 3910 bantur,
409 3844 518 3915 quam
543 3831 646 3915 putat
669 3824 728 3894 vir
751 3826 898 3911 doetus,
931 3831 972 3891 ut
996 3821 1189 3891 manifesto
1216 3819 1281 3888 do·

234 3928 292 3991 eet
324 3921 473 4012 (lieero,
509 3925 646 4021 qui²⁷):
684 3923 913 4012 „Mimorum
940 3930 1047 4009 est,“
1071 3921 1204 4014 inquit,
1229 3957 1284 3972 -

233 4071 258 4109 ‚,
267 4023 542 4119 ethologorum,
578 4027 613 4098 si
636 4028 748 4097 nimia
774 4035 848 4115 est,
884 4026 1056 4113 imitatio,
1092 4024 1186 4095 sieut
1217 4021 1283 4092 ob-

320 4207 375 4293 ιι)
396 4211 417 4274 ι
438 4233 463 4274 0.
486 4243 528 4258 -
549 4207 605 4296 at)
627 4212 664 4274 a
684 4211 848 4294 contum
870 4243 912 4260 -
934 4209 990 4295 ιι)
1011 4211 1049 4272 ιε
1069 4210 1150 4270 oms
1172 4207 1207 4268 ιι.
1229 4207 1283 4273 ao.
