2774 4972
256 357 338 436 tat

345 531 448 592 Utrum
477 526 712 599 Ciuerrrins,
742 545 780 586 au
809 523 1055 596 cimeterium,
1087 541 1168 603 quum
1192 523 1287 598 fabola,
1355 582 1356 585 ,

262 616 319 678 nisi
339 623 424 676 sexto
446 634 531 686 casu,
558 633 615 672 non
638 618 885 682 commemoretur,
905 629 997 688 noque
1019 629 1057 668 ex
1077 609 1199 690 reliquiis
1218 609 1288 690 quil-

263 721 345 782 quam
366 707 517 780 appareat,
547 718 631 759 verus
652 695 739 756 luerit
760 696 876 765 titulus,
915 693 1093 754 manifestum
1114 695 1219 774 quitiam
1239 715 1289 752 nou

265 794 319 846 est.
355 785 475 845 Videtur
495 789 589 842 tamen
612 789 642 841 et
663 801 713 862 per
734 801 766 840 se
787 781 881 860 aptius
901 779 1018 840 inscribi
1038 779 1134 839 fabula
1154 779 1291 840 Cicera·
1354 837 1355 840 ,

265 871 362 942 rius,
383 877 413 929 et
434 874 652 950 composuerant
672 866 773 926 Alexis
793 858 999 943 Hripaceov
1019 865 1213 924 etllleoantler
1233 863 1292 923 Κε-

264 949 478 1037 apameiae,
501 953 591 1024 uode,
618 959 651 1012 ut
676 951 802 1022 videtur,
830 948 916 1010 facile
937 950 1016 1011 uesci
1037 950 1131 1032 potuit
1150 950 1175 1010 is
1195 949 1291 1020 riulan,

264 1060 345 1120 quem
366 1039 448 1100 alteri
468 1037 684 1121 praeterendum
704 1037 837 1096 arbitror.

563 1321 1003 1384 COMPITALlA.

351 1575 461 1636 Nonius
487 1597 516 1656 p.
534 1581 576 1638 39
602 1575 649 1636 ed.
674 1577 780 1638 blare:
808 1577 961 1652 „Pilare
988 1575 1092 1636 dicmm
1113 1583 1174 1651 est,
1195 1581 1228 1636 ut
1245 1575 1298 1656 plu·

267 1680 360 1732 mare,
382 1661 446 1740 pilis
467 1661 574 1722 vestiri.
616 1659 751 1722 Afranius
770 1662 800 1721 iu
822 1661 1038 1742 Compitalibus:

318 1744 518 1817 Praeterea
557 1769 690 1840 eorpus
728 1751 824 1819 nanc
856 1769 977 1818 meum
1011 1739 1127 1838 piltiro
1158 1745 1299 1840 primum
1372 1735 1373 1806 l

878 1849 1035 1942 eoepit.“
1373 1840 1374 1898 l

270 1967 403 2028 corpus
428 1967 520 2007 nunc
548 1969 667 2010 meum.
703 1949 813 2032 Vulgo,
848 1957 937 2010 metro
965 1951 1152 2022 adversante,
1182 1966 1300 2027 corpas
1374 1941 1375 1988 l

271 2053 375 2092 meam
408 2052 510 2093 nunc.
546 2035 634 2094 lilerc.
661 2036 745 2094 ltotb.
778 2054 870 2095 nunc
907 2055 1042 2116 corpur
1076 2055 1201 2109 meum,
1235 2030 1301 2112 qual
1375 2046 1376 2072 ¹

272 2127 388 2198 propter
408 2127 518 2178 acutam
540 2120 670 2180 vocabuli
698 2140 833 2200 corpus
859 2121 993 2200 syllabam
1014 2121 1201 2203 posteriorem
1222 2117 1301 2177 minus
1376 2150 1377 2156 κ

271 2203 443 2283 probandum
465 2203 585 2264 videtur.
613 2237 656 2250 -
682 2205 818 2264 Fortasse
844 2205 890 2265 bic
916 2206 996 2267 locus
1024 2225 1097 2265 unus
1122 2204 1180 2266 fuit
1207 2221 1302 2270 eorum,

273 2287 373 2387 puibps
402 2286 538 2348 Afranius
566 2289 757 2355 Quinctiliano
786 2297 816 2350 et
841 2291 968 2352 Ausonio
995 2291 1115 2351 testibus
1147 2291 1304 2373 argumenta

271 2381 475 2452 inquinaverat.

357 2624 467 2684 Nonius
488 2647 515 2704 p.
533 2633 595 2690 496
618 2628 662 2687 ed.
684 2629 790 2688 blera:
820 2628 995 2700 „Veteribus
1016 2627 1176 2710 genitivum
1197 2646 1246 2708 pro
1266 2642 1305 2684 ac·

274 2710 401 2772 curative
423 2711 491 2790 poni
513 2713 615 2789 placet.
641 2711 777 2773 Afranius
798 2713 827 2772 ia
855 2713 1070 2792 Compitalibus:

327 2794 370 2866 Si
397 2797 467 2866 ιιόη
494 2818 659 2884 vereare,
684 2800 790 2870 nenio
812 2791 984 2869 vereata'ur
1007 2800 1100 2870 tui.“

275 2915 434 2956 vereare.
461 2897 618 2959 Ven.l.ll.
639 2901 706 2960 Par.
727 2919 872 2962 vereor.
894 2900 989 2982 Vulgo
1017 2919 1157 2961 verear.
1185 2891 1308 2958 Correxit

275 2980 441 3040 lllercerius.

771 3103 821 3162 lll.

361 3216 535 3291 Suetonius,
568 3240 649 3299 quem
678 3221 829 3302 exscripsit
855 3222 999 3294 Donatus,
1027 3219 1056 3280 iu
1085 3217 1219 3280 Terentii
1244 3215 1307 3278 vita:

278 3301 381 3374 „Hunc
408 3303 605 3385 (Parentium)
630 3305 766 3368 Afranius
797 3307 908 3386 quidem
934 3305 1063 3366 omuibus
1094 3304 1211 3365 comicis
1238 3318 1310 3382 prae·

279 3386 345 3457 lert,
367 3389 494 3448 scribens
515 3389 543 3449 in
566 3392 783 3471 Compitalibasr

330 3471 505 3547 Terentio
531 3499 603 3548 noa
629 3469 785 3548 similem
811 3477 910 3548 dices
936 3475 1178 3569 quempiam.“

776 3628 824 3688 lV.

367 3742 528 3802 Macrobius
541 3745 656 3805 Satura.
673 3747 721 3806 Vl.
736 3755 770 3808 1:
794 3747 932 3820 „Posseul
944 3744 1070 3825 pluribus
1083 3743 1213 3814 edocere,
1234 3755 1312 3818 quaa·

286 3831 346 3886 tum
376 3847 409 3887 se
435 3838 531 3888 mutuo
561 3831 738 3909 compilarint
768 3831 954 3891 bibliothecae
986 3829 1093 3894 veteris
1118 3835 1255 3888 auctores.
1276 3848 1312 3864 -·

283 3911 376 3972 Unum
404 3932 478 3972 uuae
507 3916 664 3993 exemplum
692 3915 846 3996 proferam,
879 3915 953 3995 quod
986 3916 1022 3974 ad
1058 3911 1216 3994 probanda,
1248 3920 1312 3986 quw

280 4015 394 4070 assero,
427 4018 518 4078 paene
544 3999 675 4060 sufficiet.
719 4000 853 4061 Afranius
881 4001 971 4071 euim,
1004 4007 1165 4081 togatarum
1192 3992 1312 4071 scriptor.

280 4079 309 4170 in
338 4101 373 4140 ea
399 4089 515 4163 togata,
548 4105 620 4164 quae
648 4087 817 4165 Compitalia
847 4085 1024 4156 inscribitur,
1059 4103 1114 4143 non
1137 4071 1313 4142 invocante

282 4165 457 4246 respondeus
478 4171 673 4250 arguentibus,
696 4171 770 4250 quod
792 4172 873 4251 plura
893 4169 1059 4250 sumpsisset
1079 4189 1098 4230 a
1118 4163 1283 4228 Menandro:
