2772 4968
1043 329 1092 408 dd

70 503 182 565 nitiade
200 511 314 564 menter
338 523 427 584 equos
448 503 581 585 emaque
607 504 763 584 improvida
782 491 888 586 tow
930 507 989 566 Sed
1009 505 1088 569 dubi·

70 591 166 648 tandum
186 589 307 662 videtur,
340 609 404 648 num
426 589 495 650 talia
514 597 600 670 podia
621 589 725 650 dixerit
746 595 886 670 portenta.
933 591 1087 654 'l'raxerim

69 673 148 753 potius
167 675 217 732 bue
237 673 300 737 Liv.
323 673 397 734 llist.
410 674 448 734 X.
465 681 521 736 27:
554 675 672 748 „Quum
693 675 848 734 instructae
870 673 946 735 acier
967 681 1086 752 stanni,

69 779 139 819 cerva
157 757 267 839 fugiens
288 759 381 838 lupum
404 779 420 818 e
442 759 581 820 montibus
603 766 706 820 exacta
721 779 773 838 per
794 779 907 838 campm
928 759 1086 822 interdura

69 843 132 904 aeica
157 843 290 916 decurrit3
324 842 388 902 inde
415 843 544 905 diversae
566 843 660 916 lenae,
692 863 777 904 cerva
803 843 840 903 ad
862 843 974 916 Gallos,
1004 845 1087 927 lapus

68 928 97 986 ad
120 929 255 988 llomanos
282 947 395 987 cursum
421 926 546 988 deflexit.
589 928 673 1010 Lupo
701 929 767 988 duta
793 929 868 988 inter
894 929 1007 989 ordines
1031 929 1087 1006 via,

67 1031 160 1071 cervam
187 1013 259 1072 Galli
290 1011 445 1073 confixere.
494 1013 571 1072 Tum
592 1034 630 1073 ex
652 1012 848 1094 antesignanis
869 1013 966 1072 miles:
999 1014 1088 1076 lllac

66 1094 152 1177 luga,
181 1097 285 1176 inquit,
318 1105 355 1156 et
381 1097 510 1158 caedes
537 1098 667 1170 vertit,
700 1097 759 1157 ubi
785 1117 920 1157 sacram
946 1097 1087 1160 Dianae

67 1179 160 1239 ieram
180 1181 354 1242 iacentem
376 1182 526 1252 videtis3
554 1183 636 1242 binc
656 1183 779 1244 victor
798 1182 953 1242 llartiur
973 1183 1087 1264 lupus,

68 1263 195 1348 integer
225 1275 260 1326 et
287 1266 463 1340 intactus,
495 1267 621 1348 gentis
642 1285 707 1327 nor
728 1266 886 1327 liertiae
913 1273 950 1327 et
969 1267 1088 1330 condi·

69 1349 145 1409 toria
167 1351 286 1412 nortri
312 1351 531 1412 admonuit.“

542 1536 594 1598 lX.

135 1651 236 1711 Nonius
264 1673 294 1732 p.
311 1659 351 1715 98
380 1653 552 1716 ediderat
582 1653 809 1730 „Beronum
841 1655 1004 1730 absumere,
1034 1655 1089 1718 eri·

68 1753 129 1812 pere.
168 1737 259 1796 Attius
284 1737 312 1795 in
333 1737 491 1798 Aeneadis:

98 1819 212 1880 Patrio
234 1823 398 1901 exemplo
427 1829 462 1882 et
482 1842 532 1884 me
557 1821 703 1895 dicabo,
733 1828 842 1904 atque
863 1821 1012 1885 animam
1033 1825 1087 1887 da·

97 1907 223 1965 vorabo
249 1907 456 1968 bostibus.“

66 1993 94 2044 et
110 2009 153 2048 me
173 1990 315 2050 dicabo.
358 1992 425 2050 Par.
448 1998 484 2051 te
505 1991 701 2050 medicabo.
722 2023 765 2036 -
786 1989 978 2052 devorabo.
1014 1994 1086 2056 God.

67 2071 166 2152 Gnelpb.
186 2076 331 2136 devoro.
363 2109 406 2122 ·-
437 2075 569 2158 Scaliger
596 2076 632 2134 ad
653 2075 736 2134 Varr.
760 2075 796 2135 de
816 2074 852 2134 1..
873 2074 910 2134 L.
934 2077 982 2136 lV.
1002 2085 1084 2158 1).ss

67 2155 174 2238 cdllip.
195 2169 224 2219 et
246 2161 376 2220 llelrius:
410 2161 537 2220 Patrio
570 2159 733 2238 exemplo
765 2179 815 2219 ma
843 2159 983 2221 dicabo:
1015 2161 1086 2223 ani-

65 2259 134 2299 mam
160 2245 339 2306 devorabo
367 2245 547 2305 hortibus.
590 2243 724 2316 Vossius,
746 2244 922 2305 auscultante
943 2246 1086 2308 Kordeaio

66 2325 94 2382 ad
111 2327 280 2388 llberlnardtii
301 2328 423 2389 libellum
445 2331 480 2390 de
509 2328 610 2389 artium
631 2329 812 2388 humanitatis
839 2336 915 2390 statu
936 2351 980 2412 ap.
1002 2333 1086 2394 llam.

18 2475 19 2496 χ
66 2417 144 2486 ab&
171 2414 299 2473 Patrio
322 2415 494 2494 Exemplo
517 2413 643 2473 dicabo
666 2434 731 2485 me,
767 2421 873 2494 atque
894 2434 920 2474 a.
943 2415 1086 2478 devota·

67 2492 98 2550 bo
122 2497 146 2556 ln.
192 2499 268 2559 ldem
292 2499 320 2557 in
342 2499 462 2577 Etymol.
484 2519 511 2559 v.
534 2497 669 2560 Voveo:
700 2497 826 2558 Patrio
859 2501 1018 2580 exemplo
1050 2508 1087 2564 et

67 2581 261 2656 medicabo,
285 2591 390 2662 atquc
412 2604 439 2642 a.
462 2583 637 2645 devetabo
659 2583 687 2642 b.
729 2582 853 2642 Perinde
867 2583 999 2656 Botbius,
1021 2605 1085 2645 ver·

19 2691 20 2700 ‘
66 2681 112 2804 l:
126 2687 173 2809 ll
194 2675 361 2812 “stilti
374 2667 1086 2832 llll..ttlssll:¹.ll⁰l·.l·.·.ll'll

65 2841 172 2894 votare
193 2858 248 2916 pro
270 2837 464 2899 Devorata.
519 2837 577 2896 Sed
604 2835 714 2898 videbar
734 2837 829 2915 potius
850 2818 1001 2898 lilarccllus
1027 2844 1085 2912 aut,

19 2933 20 2990 j
66 2921 91 2971 ut
107 2918 142 2975 ait
161 2921 249 2980 lladr.
268 2921 384 2992 lunius,
412 2915 601 3002 obligantibus
623 2920 712 2980 oeulis
732 2920 854 3002 legisse,
882 2929 931 2981 aut
953 2931 1085 3003 corrupto
1139 2973 1143 2980 .
1237 2955 1245 2963 ·

19 2993 21 3092 l
66 3004 198 3094 ¹exemplari
224 3026 296 3066 usus
324 3026 396 3065 esse.
444 3007 546 3066 Veram
567 3005 716 3065 lectionem
737 3013 831 3066 autam
851 3006 941 3066 latere
962 3007 1086 3068 arbitror

66 3101 88 3140 vn
102 3105 149 3228 ἕο,
170 3091 246 3169 quod
267 3089 351 3150 offert
372 3091 435 3150 eod.
460 3091 594 3172 Guelph.,
623 3109 788 3170 versumque
810 3091 1012 3152 restituendum
1032 3093 1087 3154 boa

65 3187 101 3226 mo
117 3191 147 3231 o:
521 3185 529 3206 ¹

105 3253 221 3330 Putria
258 3209 425 3351 exemplo
457 3266 494 3330 et
521 3259 577 3330 me
603 3258 752 3350 dicab03
793 3265 900 3352 atque
933 3261 1087 3334 enimam

580 3363 714 3431 devoto
741 3359 916 3432 hdstibue.

67 3452 227 3518 devorabo
267 3459 440 3538 scripserunt
469 3461 612 3532 nonnulli,
653 3460 728 3538 quod
766 3461 907 3520 antecedit
946 3459 1085 3522 dicabo.

67 3535 240 3614 Hostibus,
264 3543 293 3602 id
314 3551 372 3616 est,
394 3545 423 3604 in
442 3545 593 3624 perniciem
610 3545 738 3604 bostium.
788 3544 888 3607 Livius
902 3545 1028 3609 uisex.
1043 3553 1085 3610 2⁸

67 3618 165 3683 lleeium
193 3627 295 3698 lilium,
326 3629 404 3688 cuius
433 3631 502 3690 haee
528 3638 595 3688 sunt
620 3629 720 3701 verba,
757 3631 906 3690 seeundum
935 3629 1085 3690 sollemnes

66 3711 227 3781 precationes
255 3711 391 3773 adiecisse
418 3714 500 3774 dicit:
532 3715 633 3787 „Prae
662 3734 693 3772 se
715 3735 804 3796 agere
825 3735 889 3775 sese
909 3713 1086 3774 formidinem

67 3807 93 3846 oc
103 3791 208 3873 surgam,
231 3797 399 3876 caedemque
420 3820 454 3858 oc
475 3817 616 3870 cruorem,
638 3799 815 3871 coelestium,
837 3799 988 3859 inferorum
1011 3798 1084 3871 iraa3

68 3883 243 3939 mnaemrun
270 3880 433 3942 funebribus
460 3883 528 3942 diris
550 3884 647 3964 signa,
678 3885 750 3955 tela,
780 3904 858 3943 arma
878 3884 1012 3954 bostium3
1042 3882 1085 3941 lo-

67 3975 168 4038 cumque
189 3966 306 4025 eundem
327 3987 395 4026 suae
416 3969 504 4048 pestis
525 3975 555 4027 et
576 3968 720 4028 Gallorum
748 3989 782 4028 oc
803 3967 966 4028 Samnitium
988 3965 1086 4027 lorc.“

68 4037 103 4137 llo
126 4047 302 4108 sollemnibus
328 4051 358 4110 in
385 4053 534 4113 devotione
560 4073 611 4133 pro
633 4054 724 4134 patria
745 4051 951 4132 precationibus
979 4049 1015 4111 cf.
1037 4050 1087 4111 Li·

67 4142 118 4186 vlua
136 4131 209 4193 ssiat.
231 4135 305 4196 Vlll.
329 4143 358 4198 9.

817 4233 838 4297 6
