2772 4968
1075 350 1151 427 lul

110 528 263 609 cingulo
283 528 474 586 obunouls.
507 527 578 587 Veu.
598 527 668 586 Ι.ΙΙ.
690 525 758 587 Por.
780 525 944 604 cymbula
963 525 1154 586 obuncule.

110 614 178 673 Juu.
205 632 296 694 marg.
325 613 455 692 togula
486 610 682 672 obunctuls
709 631 746 670 ex
773 611 952 682 coniectore,
973 617 1007 669 ut
1033 611 1153 672 videtur.

111 698 277 768 Memorius,
300 697 346 776 qui
368 697 518 768 interdum,
542 716 597 756 oon
619 697 726 755 monito
748 697 869 766 lectore,
897 702 927 756 et
947 714 1014 754 suus
1036 702 1066 755 et
1086 696 1156 754 olio-

112 803 174 842 rum
207 785 387 842 coniecturas
408 781 531 860 recepit,
559 781 686 862 iugulo
712 780 888 840 obuoculu
915 780 1010 840 edidit.
1053 780 1156 840 Verum

111 868 281 946 scripturum
303 887 367 926 esse
389 867 552 947 cingulo,
581 865 686 925 evincit
707 865 791 924 etiam
812 863 935 925 additum
958 865 1155 937 obunoulo‚

111 955 188 1097 ll?
202 950 748 1116 illiditttssttlznlztll,
762 948 1156 1114 tztltllllltttt:

111 1123 263 1204 cingulo
283 1121 465 1181 obunculu
486 1140 559 1199 quoe
580 1121 652 1191 sint,
680 1119 792 1194 nescio,
827 1120 1011 1198 suspicorque
1032 1116 1158 1180 scribent

113 1208 177 1266 ds·
201 1227 265 1266 esse
287 1206 510 1278 obunculoe,
543 1225 660 1276 curvos,
683 1205 750 1264 snui
771 1204 925 1276 meretrici,
948 1205 1029 1264 ouius
1049 1205 1158 1264 ordinis

112 1291 256 1351 iseminoe
281 1299 400 1372 togatos
430 1290 639 1349 ambulabunt.“
687 1287 848 1370 Cingulo
881 1288 1064 1348 obunculs
1090 1307 1157 1370 pro-

112 1375 191 1436 fecto
219 1375 384 1455 simpliciter
411 1381 456 1434 est
482 1383 600 1436 curseto
630 1375 691 1436 sire
711 1375 843 1445 incurso3
865 1392 938 1452 quoe
959 1373 1021 1433 eius
1042 1381 1088 1434 est
1108 1394 1159 1435 no·

112 1469 187 1520 turs.
210 1493 252 1506 -·
272 1461 465 1520 Adimetur.
489 1460 559 1520 l'en.
573 1461 595 1520 l.
609 1460 645 1520 ll.
666 1460 735 1520 Por.
752 1459 939 1519 edometur.
954 1459 1091 1520 'Eaedem
1113 1459 1156 1520 iu·

110 1565 198 1607 verso
220 1545 320 1606 ordine
340 1544 403 1604 iet.
424 1564 519 1625 poss.

524 1729 747 1745 n—u—-n—-nq-

197 1865 243 1925 lle
265 1873 433 1948 argumento
455 1885 492 1926 ex
513 1864 616 1948 irogus.
629 1866 678 1925 lV.
700 1865 822 1948 intelligi
843 1865 969 1938 ridetur,
992 1866 1161 1928 discordiosi

112 1951 312 2012 intercessisse
340 1951 415 2010 inter
443 1950 572 2010 moritum
593 1958 623 2010 et
644 1970 771 2010 uxorem.
815 1950 860 2010 Cf.
882 1950 986 2032 fragm.
1003 1951 1026 2010 l.
1048 1959 1078 2011 et
1099 1952 1160 2027 111„

113 2038 163 2096 ubi
190 2035 314 2096 fortusse
341 2037 378 2096 od
405 2035 500 2095 liber
531 2035 743 2116 intelligendum
777 2042 822 2094 est
852 2037 1006 2095 molesto
1037 2057 1159 2098 uxore.

111 2123 229 2203 Fregm.
248 2121 283 2180 V.
310 2119 467 2201 significari
494 2127 562 2200 puto
594 2118 697 2191 virum,
726 2119 791 2199 qui,
822 2120 897 2198 quod
923 2140 1043 2180 uxorem
1077 2122 1160 2182 domo

112 2207 274 2286 expulerit,
298 2205 363 2265 inde
385 2206 572 2266 emolumento
594 2213 727 2265 oucmrus
749 2225 814 2264 esse
834 2205 954 2264 dicutur.
998 2206 1056 2266 Sed
1078 2207 1163 2268 oliter

111 2311 173 2350 rem
205 2289 349 2362 evenisse,
389 2299 474 2369 etque
501 2290 548 2350 ille
575 2287 792 2370 pronuntiabat,
824 2290 945 2351 coniicio
979 2310 1017 2350 ex
1044 2293 1162 2354 lnoertt.

112 2375 202 2445 xvi„
224 2396 306 2454 quem
328 2375 418 2434 locum
442 2394 479 2434 ex
500 2375 553 2436 hoc
572 2373 669 2434 subulo
691 2382 810 2434 tractum
831 2395 895 2436 esse
910 2376 1043 2438 arbitror.
1066 2378 1162 2437 Conso

113 2459 224 2518 dissidii
253 2457 377 2519 fortusse
400 2459 455 2518 fuit
477 2459 569 2539 puello
591 2460 748 2532 Veliterno,
777 2461 852 2520 uude
880 2461 1026 2540 inscriptio
1048 2460 1161 2523 fubulue

114 2545 204 2624 petito
226 2544 279 2618 sit,
310 2545 411 2623 cuique
432 2545 576 2620 dicontur,
605 2564 678 2625 quue
699 2545 818 2624 septimo
840 2545 905 2605 loco
926 2549 1079 2626 posuimus.
1114 2545 1160 2609 Cf.

116 2638 227 2689 onnott.
250 2629 288 2687 ud
307 2627 411 2711 fragm.
427 2619 488 2688 vlt

472 2949 814 3010 vopiscus,

200 3102 390 3181 Vopiscum
428 3099 551 3161 fabulum
585 3101 698 3161 Titinio
737 3102 835 3162 tribuit
861 3121 924 3163 cum
956 3105 1161 3187 Christoplroro

116 3189 215 3249 Wesio
238 3187 385 3247 Fabricius
407 3187 479 3246 Bihl.
503 3185 569 3246 Lot.
587 3186 634 3246 tv,
659 3193 692 3258 1,
720 3186 842 3247 Nouium
863 3197 1007 3250 auctorem
1028 3191 1162 3254 efferens.

118 3275 182 3356 Ego
206 3292 358 3351 nusquum,
387 3291 439 3331 nec
469 3272 543 3349 opud
571 3271 691 3330 Nonium
717 3291 769 3332 oco
796 3275 869 3352 opud
892 3275 975 3334 olium
998 3295 1162 3358 quemquem

117 3361 284 3500 popiptorepp
312 3357 456 3456 potiquum
483 3355 605 3500 'Titinii'
621 3356 772 3500 Vpptippum
794 3366 1037 3421 commemoratum
1057 3363 1162 3445 iuvflui.

154 3463 229 3504 nunu
277 3461 390 3520 opiscus
412 3461 575 3521 soepsssrme
607 3460 680 3500 oua
728 3483 736 3500 .

526 3591 731 3604 ῃ

151 3725 517 3787 lNCERTARUM
552 3727 882 3790 FABULARUM
913 3730 1128 3794 TlTlNll.

202 3997 311 4058 Nonius
342 4019 369 4076 p.
388 4003 451 4060 210
472 3997 516 4056 ed.
538 3997 642 4057 Mero:
674 3998 852 4070 „Lentem
881 4001 1055 4060 cousuetudo
1081 4001 1163 4064 semi·

123 4083 187 4143 nino
229 4102 316 4144 suere
337 4082 393 4142 dici
414 4082 482 4143 vult.
504 4115 547 4130 -
567 4083 724 4142 Mssculiuo
746 4083 890 4144 Titinius:

203 4105 315 4230 {enti
335 4167 471 4239 calido,
494 4166 672 4241 eluellee,
694 4170 860 4249 tropulo,
880 4167 1068 4232 romicue.“
