2774 4972
1118 363 1200 443 tul

152 540 228 600 Cael.
257 538 379 620 Gnelpla
406 536 605 619 promittat.
637 535 709 596 Veu.
736 535 760 595 Ι.
781 534 818 594 ΙΙ.
856 535 924 596 Ριιι.
956 535 1202 614 repromittat.

151 626 219 684 Alo.
252 625 319 684 Bas.
352 624 451 704 Steplr.
482 623 550 682 Juu.
583 620 758 680 remittat.
786 653 828 666 —
860 619 996 679 latites.
1028 620 1097 680 Veo.
1119 623 1142 682 1.
1165 622 1202 684 ΙΙ.

153 711 224 768 Par.
247 709 389 770 latices.
411 740 454 754 -
476 707 588 766 ludas.
620 706 691 764 cna.
713 704 834 784 Gnelplr.
864 706 933 764 Ven.
951 703 973 762 Ι.
991 703 1027 764 ΙΙ.
1048 706 1115 766 Pur.
1137 707 1201 769 All.

153 795 224 854 Bas.
246 796 344 874 Steplr.
366 794 434 854 Ιιιιι.
455 793 591 853 laudas.
635 789 769 850 Cniacius
789 791 809 850 Ι.
831 809 856 850 c.
880 789 1014 849 eludas.

243 1044 353 1106 lionim
380 1066 407 1125 p.
429 1052 467 1106 21
496 1043 542 1106 ed.
567 1043 671 1102 Marc:
706 1039 884 1113 „virosae
914 1039 1045 1100 mulieres
1071 1041 1202 1104 (licuntur

154 1130 281 1192 uirorum
303 1137 469 1232 appetentes
491 1129 535 1188 vel
556 1127 731 1186 luxuriosae.
753 1157 795 1170 -··
815 1123 951 1184 At'rauius
972 1125 1001 1184 in
1023 1125 1169 1186 Divortio:

209 1215 378 1307 Vigilnns
404 1237 448 1286 ae
474 1215 622 1300 sollcrs,
655 1203 774 1298 mooe,
806 1233 916 1297 sanni,
949 1212 1091 1302 sobria3

209 1315 343 1388 Virisa
369 1339 440 1386 uon
466 1337 566 1404 sum3
607 1320 643 1382 et
667 1306 703 1383 si
727 1314 816 1399 sinn,
850 1335 924 1382 non
949 1311 1202 1403 denuntianti,

210 1416 286 1496 Qui
300 1411 397 1488 ultro
413 1419 515 1488 dent:
544 1423 645 1486 aetas
662 1405 807 1506 integra
823 1429 896 1498 est,
921 1415 1061 1484 formae
1075 1419 1204 1487 satis.“

154 1519 191 1578 si
218 1519 289 1578 sim.
333 1520 383 1578 Sic
410 1517 586 1598 Stephanos,
620 1515 785 1576 Gulielmius
807 1515 925 1580 (ineest.
955 1515 982 1575 in
1002 1516 1096 1576 l’laut.
1119 1517 1202 1597 Capt.

155 1605 211 1676 V„
238 1604 401 1664 Gronovius
416 1605 576 1662 Observott.
593 1599 640 1660 w.
658 1609 686 1663 t.
708 1621 735 1680 p.
750 1608 800 1661 ἹῚ.
836 1601 928 1681 l'ulgo
950 1601 980 1658 si
1001 1622 1084 1661 sum.
1118 1603 1204 1668 (tund

154 1689 183 1748 ai
207 1688 327 1761 eliceret,
357 1689 527 1748 concederet
549 1687 661 1757 mulier,
683 1686 757 1764 quosl
780 1685 862 1744 moto
884 1685 1010 1766 negavit.
1033 1719 1075 1732 —
1095 1688 1203 1748 Memn-

153 1773 220 1833 riaa
237 1775 333 1853 lapsu,
355 1781 387 1831 ut
404 1774 531 1844 videtur,
552 1773 598 1833 vel
617 1791 654 1830 cx
677 1779 846 1852 argumento
868 1771 977 1829 titulum
994 1769 1118 1852 fingens,
1139 1772 1202 1832 los.

155 1857 292 1939 Scaliger
321 1859 357 1918 ad
390 1857 470 1918 Vorr.
498 1858 533 1916 te
561 1857 598 1918 L.
622 1855 657 1915 L.
681 1856 727 1916 ΙἸ.
757 1877 784 1933 p.
805 1861 844 1916 93
868 1855 914 1912 ed.
937 1855 998 1934 Rip.
1025 1856 1078 1913 lios
1104 1877 1203 1917 versus

154 1944 256 2004 tandm
283 1963 319 2002 ex
346 1944 507 2023 Repudiato
535 1940 656 2000 Afranii.
705 1941 781 1998 loen
808 1939 852 1999 vir
878 1941 1015 2020 egregius
1042 1940 1060 1998 l.
1083 1959 1107 2000 c.
1138 1941 1203 2000 sic-

156 2049 234 2088 cam
259 2028 463 2107 interpretatur
484 2027 595 2088 minima
616 2025 813 2105 sputatricem3
843 2024 950 2082 addens
973 2033 1081 2083 tamem
1115 2026 1204 2098 „litai

155 2113 234 2184 ocio,
267 2113 297 2172 iu
318 2112 430 2172 Afranii
451 2113 544 2174 verbis
572 2111 675 2170 siccam
703 2129 768 2169 essa
788 2129 873 2188 posse
895 2129 946 2188 prn
967 2109 1063 2168 sobria
1084 2110 1202 2170 dictum:

154 2207 192 2256 ut
212 2199 286 2277 apud
307 2198 438 2257 Plautum
461 2198 489 2256 in
510 2196 644 2257 Asinaria
666 2191 714 2274 (V.
730 2194 761 2254 2.
777 2195 827 2273 7),
850 2201 880 2252 et
901 2193 1065 2254 Ciceronem
1087 2197 1116 2254 Ιιι
1130 2197 1204 2255 Acu-

155 2282 274 2344 slemicis
296 2281 345 2362 (ll.
370 2281 424 2362 ΙΙ)
446 2281 514 2342 sicci
537 2281 661 2358 homines
682 2299 735 2360 pro
757 2279 874 2338 animm:
902 2280 976 2338 sicut
997 2287 1097 2338 contra
1117 2280 1204 2341 madi·

155 2368 226 2441 dus,
254 2375 285 2427 et
304 2367 446 2438 mudulsn,
474 2386 526 2448 pro
549 2365 637 2426 ebrio.
682 2365 726 2424 lta
747 2364 830 2423 ctiam
853 2359 946 2446 ’ξηρὸν
966 2365 1113 2425 Graece.“

651 2500 701 2559 ΙΙΙ.

243 2620 354 2680 Nonius
375 2642 403 2700 p.
421 2627 463 2682 87
491 2619 536 2679 etl.
562 2619 668 2680 Mero:
703 2618 937 2700 „cognomen
967 2624 1025 2677 est
1051 2613 1203 2700 (Cogun-

154 2703 282 2786 miuei)
306 2706 430 2765 eiusdem
452 2703 582 2763 nominis.
625 2701 761 2762 Afranius
783 2703 812 2762 in
834 2701 982 2762 Divortio:

222 2791 364 2849 Letium
393 2808 509 2872 genus
537 2786 874 2871 cognominationis
903 2785 1097 2847 morborum
1120 2808 1203 2871 cog·

222 2875 414 2934 mominis.“

135 2959 311 3038 ,Latium
352 2961 422 3019 Ven.
450 2959 472 3018 Ι.
501 2959 536 3017 ΙΙ.
575 2957 747 3018 Laelium.
782 2956 851 3014 l’nr.
880 2953 1044 3016 Laetius.
1085 2955 1202 3037 Lipsius

155 3045 305 3123 Antiquar.
339 3045 404 3104 lect.
432 3044 467 3103 V.
496 3050 554 3104 14:
588 3043 672 3102 Leti
703 3060 803 3100 nmne
833 3059 946 3121 genus
974 3043 1203 3123 cognomina·

157 3130 253 3188 tioni
280 3131 477 3190 ruorlrornm
507 3145 705 3209 cognomen
728 3133 800 3198 est,
833 3125 877 3186 vel
900 3127 1114 3206 cognomine
1136 3135 1202 3188 est.

155 3213 293 3286 Bothins,
332 3222 399 3295 post
429 3214 628 3274 morborum
661 3212 789 3271 inserens
822 3217 892 3280 est,
931 3212 1080 3271 tentabat:
1120 3211 1203 3272 Leti

156 3298 248 3359 euim
279 3319 395 3381 genus
425 3306 480 3358 etc.
525 3299 612 3369 „linc
638 3302 726 3367 est,“
758 3295 862 3373 iuquit,
895 3315 1021 3366 „uomco
1043 3297 1093 3356 leti
1114 3297 1204 3358 simile

157 3391 205 3444 est
225 3385 330 3442 nomini
352 3384 549 3442 morborum.“
592 3382 645 3445 Cui
667 3381 811 3441 contrariu
831 3380 975 3441 sententia
996 3380 1025 3440 iu
1048 3381 1141 3444 verbis
1162 3383 1204 3443 lu·

155 3477 221 3528 tere
242 3469 307 3528 milri
328 3469 457 3540 videtur,
489 3474 519 3526 et
539 3467 717 3528 scribendum
738 3465 877 3524 fortasse:

364 3595 415 3606 -
441 3553 527 3626 Leti
553 3575 659 3624 onrne
685 3553 800 3645 gennis
827 3541 1154 3644 cognominationis

208 3653 423 3726 Morborum
450 3648 678 3747 cognomine.
712 3693 761 3706 —

154 3756 334 3836 Propterea,
363 3758 479 3836 opinor,
512 3754 786 3838 cognominationem
808 3755 966 3814 morionum
987 3754 1039 3815 leti
1060 3755 1205 3837 cognomi·

155 3861 223 3902 mam
244 3841 315 3904 dicit
335 3849 436 3922 poe'ta,
468 3843 545 3921 quod
565 3841 655 3900 moriri
677 3849 795 3900 mortem
816 3839 954 3900 alliciunt.

660 3977 708 4036 lv.
781 3955 784 3960 ’

242 4094 352 4156 Nonius
374 4097 659 4175 punctulum:
682 4095 872 4169 ,‚Flaccet,
894 4095 1028 4176 languet,
1049 4093 1205 4158 deficit.-

153 4179 293 4242 Afranius
313 4181 344 4242 iu
364 4181 512 4244 Disertior
