2774 4972
254 349 331 432 tm

256 549 319 602 cos
344 525 538 618 scriptores
562 525 632 598 sibi
656 524 849 600 imitandos
873 527 1035 620 sumpsit.
1088 524 1170 598 lum
1199 523 1285 596 vidi·

254 651 354 718 mus,
386 628 499 720 vulgo
525 627 676 699 Afranii
697 639 822 722 togam
844 625 1049 700 Menandro
1075 626 1287 701 convcn‘msc

255 731 387 803 dictam
412 749 513 818 csse3
537 730 635 822 quod
657 729 748 801 nihil
772 730 871 802 alind
895 731 1084 824 significat,
1109 751 1220 824 quam
1243 729 1288 798 ad

254 829 449 905 Menandri
481 831 692 923 exemplum
716 853 800 904 eum
822 832 1012 923 scripsisse
1037 855 1082 904 ac
1105 851 1221 924 prope
1245 831 1289 899 ad

255 934 334 1006 eius
347 932 603 1026 praestantium
617 935 827 1008 accessisae.
851 930 1056 1025 Praecipue
1069 955 1159 1004 vcro
1173 935 1287 1018 docet,

255 1057 326 1127 qna
354 1034 494 1106 ratione
518 1031 708 1106 Romanus
730 1030 915 1108 Graecum
940 1037 1117 1107 comicum
1132 1034 1289 1104 imitatus

257 1137 315 1222 sit,
342 1133 530 1207 Ciceronis
555 1137 658 1208 iocus
683 1139 730 1208 de
755 1135 872 1208 Finib.
892 1135 926 1208 1.
947 1137 990 1210 3:
1017 1135 1093 1225 „Si
1114 1134 1290 1228 planesia

255 1246 435 1308 verterem
459 1234 651 1308 Plutonem
683 1245 745 1308 aut
769 1239 1017 1326 Aristotelem,
1041 1245 1083 1309 ut
1105 1241 1290 1308 verterunt

255 1341 370 1410 nostri
394 1345 525 1429 pob'tee
548 1338 712 1426 fabulas,
751 1341 865 1426 maie,
899 1340 1028 1425 credo,
1059 1360 1223 1411 mererer
1246 1339 1289 1407 dc

255 1441 347 1511 meis
373 1440 526 1526 civibus,
551 1441 584 1510 si
609 1440 658 1511 ad
681 1464 808 1512 eorum
831 1442 1072 1534 cognitionem
1092 1441 1219 1512 divina
1232 1439 1290 1508 iila

257 1542 402 1638 ingenia
433 1542 677 1614 transferrem.
728 1541 805 1614 sed
837 1543 876 1614 id
906 1565 1024 1635 neque
1054 1535 1132 1614 'feci
1164 1541 1287 1625 adhuc,

256 1666 325 1714 nec
357 1641 446 1714 mihi
479 1649 618 1731 mmen,
657 1667 704 1715 ne
735 1645 888 1729 facium,
927 1644 1156 1715 interdictum
1195 1648 1288 1735 puto.

256 1743 381 1816 Locos
406 1744 549 1836 quidem
574 1747 760 1838 quosdam,
785 1747 819 1818 si
842 1747 1040 1833 videbitur,
1065 1746 1288 1830 transferam,

258 1855 294 1918 et
324 1846 481 1918 maxime
515 1849 561 1917 ab
594 1847 657 1934 iis,
689 1869 781 1941 quos
805 1851 914 1920 modo
946 1847 1152 1934 nominavi,
1186 1867 1287 1939 quum

257 1948 441 2037 inciderit,
477 1954 517 2018 ut
547 1948 585 2019 id
611 1956 694 2041 apte
719 1949 799 2022 ficri
824 1949 956 2042 possit;
994 1956 1034 2020 ut
1058 1951 1104 2020 ab
1131 1949 1288 2022 Homero

257 2049 418 2137 Ennius,
452 2048 631 2121 Afranius
663 2073 687 2120 u
717 2049 920 2123 Menandro
952 2051 1095 2124 solet.“
1156 2049 1287 2124 verum

255 2152 366 2222 etiam
392 2150 483 2222 aiios
509 2173 592 2222 cum
617 2153 792 2224 imitatum
815 2175 916 2241 csse,
942 2153 1092 2224 discitur
1111 2175 1161 2224 ex
1181 2151 1287 2244 ipsius
1368 2183 1369 2240 ς

258 2253 397 2340 verbis,
433 2275 527 2344 quac
552 2275 625 2324 non
650 2253 892 2326 inverecunde
899 2306 911 2343 ,
943 2263 985 2325 ut
1010 2257 1060 2326 ait
1082 2253 1286 2326 Macrobius

258 2354 404 2426 Saturn.
420 2353 487 2426 Vi.
511 2356 545 2440 1,
572 2357 758 2446 respondit
782 2357 1034 2450 arguentibus,
1066 2358 1166 2452 quod
1189 2356 1287 2448 ptura

258 2478 282 2526 a
306 2455 508 2527 Menandro
534 2458 762 2548 sumpsisset:

307 2615 392 2663 ,‚-—
416 2573 568 2662 Fateor,
601 2576 738 2666 sumpsi
770 2599 843 2647 non
869 2579 914 2648 ab
949 2578 1028 2648 soio
1061 2577 1123 2648 iiio
1150 2575 1265 2658 modo,

309 2676 386 2747 Sed
412 2677 628 2768 utquisque
655 2677 789 2765 habuit,
816 2679 1026 2749 conveniret
1050 2680 1146 2770 quod
1172 2674 1263 2759 nuti,
1366 2739 1367 2744 ,

309 2777 490 2870 Quodque
515 2800 574 2848 mc
599 2800 672 2848 nou
703 2802 812 2874 posse
836 2781 965 2852 melius
989 2781 1113 2854 faeere
1138 2774 1285 2860 credidi;

309 2877 428 2952 Etiam
455 2901 478 2948 a
502 2879 675 2952 Latino.“
1019 2913 1048 2970 g
1368 2927 1369 3016 p

247 3014 446 3124 'Fugerunt
480 3031 590 3124 igitur
622 3032 714 3104 haec
745 3035 949 3106 testimonia
974 3033 1220 3105 Wieiundium
1245 3025 1284 3097 ed
1368 3023 1369 3033 ’

259 3132 390 3205 Horat.
416 3131 531 3224 Epist.
546 3134 599 3205 Π.
624 3137 658 3208 1.
681 3134 742 3221 57,
767 3158 887 3227 quum,
913 3136 1087 3227 impulsus
1108 3129 1284 3207 Ciceronis

260 3238 341 3305 ioco
367 3235 470 3305 Brut.
491 3233 625 3324 XLV,
652 3236 714 3308 ubi
735 3237 911 3310 Afranius
937 3236 980 3310 G.
1003 3237 1155 3323 Titium,
1180 3233 1282 3314 cuius,

259 3339 346 3408 licet
371 3331 596 3409 Graecarum
622 3337 821 3410 litterarum
845 3339 979 3432 ignari,
1013 3341 1193 3410 orationes
1217 3341 1283 3404 tau·

260 3449 336 3535 tum
362 3439 597 3532 argutiarum,
624 3451 762 3511 tuntum
789 3443 1046 3534 exemplorum,
1075 3449 1210 3511 tentum
1233 3453 1283 3504 ur·

261 3542 430 3612 bonitatis
456 3539 627 3611 habuisse
654 3543 831 3630 dicuntur,
858 3549 898 3614 ut
922 3565 1037 3635 paene
1063 3543 1185 3614 Attico
1209 3534 1281 3607 stilo

261 3644 416 3734 scriptae
432 3642 650 3730 viderentur,
666 3645 825 3716 imitatus
839 3667 920 3716 esse
934 3647 1096 3730 truditur,
1111 3687 1159 3698 -
1175 3656 1280 3732 quum,

152 3833 154 3841 .
234 3745 420 3838 ·inquum,
446 3741 517 3814 hoe
543 3745 624 3814 loco
650 3753 770 3816 motus
796 3747 936 3832 scribit,
961 3747 1157 3817 Afranium
1180 3735 1281 3812 Grae·

262 3869 328 3916 cute
352 3847 499 3938 linguae
524 3846 729 3936 imperitum
752 3848 878 3936 fuisse,
904 3871 972 3918 nec
995 3855 1186 3939 propterea
1210 3855 1279 3909 cum

262 3943 466 4018 Menandro
493 3970 516 4017 a
541 3949 674 4020 criticis
701 3951 920 4042 comparari,
951 3952 1047 4042 quod
1074 3967 1154 4018 eum
1178 3940 1278 4012 imita·
1368 3969 1369 3974 ¹

212 4055 216 4066 '
262 4056 322 4120 tus
346 4050 405 4134 sit,
431 4051 497 4122 sed
522 4050 619 4144 quod
643 4058 773 4122 natura
799 4074 882 4123 eum
906 4052 991 4122 huie
1016 4041 1277 4122 similemtuisse
1368 4033 1369 4127 i

264 4155 408 4240 putent,
448 4151 664 4250 fabulasque
697 4153 776 4226 eius
800 4155 902 4242 xinter
926 4162 1089 4227 caeteras
1115 4149 1290 4234 Romanii,
