2790 4970
1053 331 1131 412 251

94 512 158 578 tes,
188 502 344 584 cupiunt
371 503 548 565 coeteri.“
600 503 659 564 Pro
686 504 838 567 Necnrie
864 507 982 566 Vossius
1010 506 1133 569 coniecit

93 590 298 662 Ciucrnrio,
319 591 505 652 Burmannus
537 590 626 650 edidit
654 590 803 650 Neaera.
856 591 940 656 Quod
971 598 1064 652 eutem
1095 595 1131 653 cd

18 668 21 732 J
93 675 186 746 verbe,
208 693 246 734 ex
270 673 389 734 Asconio
411 675 519 756 posito,
549 674 667 748 anicet,
694 675 887 748 Burmannus,
915 675 1052 756 probante
1074 677 1131 736 Bo·

91 759 158 830 thio,
180 759 207 817 ei
228 759 356 820 vindicet
378 767 485 818 tentum
508 780 558 832 en,
581 779 652 838 quoe
674 761 749 842 opud
770 759 889 825 Nouium
911 762 1040 844 legimus.
1073 763 1130 822 Ne-

90 863 138 921 que
164 863 234 903 sone
264 853 324 916 est,
358 846 434 923 quod
462 845 633 915 dubitemus,
666 845 733 923 quin
762 845 847 905 Nonii
874 845 1014 925 scripturn
1035 848 1130 908 verior

90 929 135 999 sit3
163 937 192 986 et
219 930 334 989 ridetur
361 931 474 988 omniuo
497 930 589 992 Servii
611 931 691 988 locus
718 931 838 989 maxime
860 932 999 991 turbatus.
1044 933 1130 993 Certe

90 1013 226 1090 probabile
249 1035 307 1072 non
331 1023 390 1086 est,
419 1015 555 1087 Nonium,
583 1015 630 1092 qui
653 1015 821 1094 probaturus
843 1023 905 1077 erut
927 1037 964 1080 eu
986 1017 1129 1079 veteribus

90 1098 281 1176 scriptoribus,
314 1093 462 1160 discrimen
492 1119 555 1160 esse
589 1100 664 1158 inter
691 1120 811 1160 omorern
846 1109 875 1162 et
901 1101 1075 1184 cupidinem,
1104 1103 1130 1162 si

89 1183 154 1259 apud
179 1183 330 1244 Afranium
359 1185 479 1265 legisset
507 1185 609 1244 Alius
637 1191 693 1244 est
720 1206 831 1258 umor,
863 1185 958 1244 elius
986 1186 1127 1266 cupido,

90 1286 138 1324 uon
159 1267 229 1326 boec
251 1289 364 1348 quoque
386 1270 592 1348 exscripturum
614 1267 713 1328 fuisse.
748 1271 846 1348 Neque
869 1270 951 1329 titulo
974 1271 1129 1330 Nerorio

90 1351 126 1409 rel
147 1353 287 1412 Neeern
310 1355 458 1439 quidquem
480 1355 641 1426 tribuerim
675 1355 839 1433 praesertim
862 1375 944 1433 quum
973 1355 1040 1414 alibi
1062 1375 1127 1414 nus·

90 1453 161 1512 qoem
186 1439 262 1517 opud
291 1439 365 1498 huuc
392 1439 586 1510 echolisinam,
618 1439 674 1498 etsi
701 1439 850 1518 aliquoties
872 1439 1007 1499 Afranius
1034 1441 1069 1500 nb
1092 1461 1127 1500 eo

89 1519 224 1596 laudetur,
246 1521 406 1584 subulcorum
427 1523 645 1584 Afronionnrnrn
667 1525 780 1584 nomine
801 1531 1061 1585 commemorentur.

568 1693 642 1754 Vlll.

164 1809 276 1874 Nonius
304 1832 334 1891 p.
355 1815 416 1876 518
445 1811 619 1876 editores
647 1812 892 1896 „llorepente
921 1845 964 1858 -
991 1809 1127 1876 Asconius

21 1913 22 1954 3
90 1889 265 1958 iulncondio
288 1929 347 1960 -.
390 1896 466 1960 ldenr
487 1897 516 1958 in
538 1895 673 1960 Homine:

133 1994 256 2092 Atque
281 1997 342 2072 ille
369 1990 567 2094 derepente
589 2000 628 2083 in
653 1999 853 2074 iumentum
877 1997 1042 2072 trsffiw
1079 1954 1082 1961 Ι

583 2201 635 2263 lX.

163 2318 275 2381 Nonius
296 2320 414 2381 ibidem:
435 2321 516 2396 „Etc

135 2415 329 2493 Contendit
355 2423 500 2511 oculos3
533 2421 727 2514 derepente
753 2412 830 2491 obit
855 2422 979 2492 celo.“

92 2533 117 2591 ln
130 2536 205 2598 libris
228 2541 397 2601 coaluerunt
413 2541 484 2599 boec
505 2540 560 2598 duo
583 2541 725 2618 exemplo,
748 2557 820 2616 quoe
839 2539 1039 2620 distinguendo
1061 2559 1125 2600 esse

92 2619 183 2694 primus
204 2626 278 2684 vidit
298 2625 414 2704 Lipsius
436 2625 526 2704 Epist.
549 2632 658 2702 quuest.
681 2624 714 2681 V.
738 2629 794 2696 25,
818 2623 892 2681 inter
913 2633 1061 2702 utrumque
1082 2625 1124 2683 in-

20 2735 26 2767 t
91 2721 177 2766 serens
199 2711 304 2770 idem.
348 2710 453 2770 Soltem
476 2709 651 2770 scribendum
674 2715 735 2767 erut
758 2707 858 2778 ltem3
881 2708 931 2766 sed
946 2711 989 2768 llt
1010 2710 1037 2768 in
1062 2709 1124 2767 toli-

92 2785 134 2846 bus
161 2793 254 2856 Nouio
288 2801 332 2853 est
362 2795 518 2854 usitatius·
557 2795 712 2853 lilercerius
749 2811 784 2852 eo
815 2792 944 2852 distinxit
977 2793 1123 2868 asterisco,

92 2891 161 2951 (tuem
177 2879 297 2938 Botbius
312 2877 437 2939 retinuit
454 2913 495 2924 -
517 2879 601 2938 obit.
634 2877 779 2942 Rentleius
794 2877 829 2938 ud
845 2877 943 2942 llornt.
956 2879 1044 2956 llpist.
1057 2879 1078 2940 l.
1096 2886 1124 2938 1.

93 2962 134 3028 28,
153 2961 235 3025 Both.
251 2963 350 3024 abiit.
366 2998 406 3010 —
418 2965 506 3024 celo.
528 2963 670 3024 Ald.Bus.
685 2964 797 3022 coelo.
820 2963 918 3041 Stepb.
931 2963 998 3022 lun.
1014 2963 1127 3026 coelo.

91 3039 158 3124 Lips.
173 3049 262 3110 llere.
280 3050 372 3111 ilenti.
386 3050 468 3108 Both.
489 3049 603 3110 celox.
625 3050 695 3108 Ven.
714 3049 734 3106 l.
752 3048 786 3105 ll.
814 3047 882 3109 Por.
905 3047 975 3106 haec
997 3048 1126 3130 exemplu

18 3177 19 3180 ,
91 3143 138 3186 nou
153 3131 267 3194 hebent.
299 3135 454 3198 lilercetius
477 3133 599 3214 eLipsii
621 3134 783 3193 coniectura
801 3131 924 3191 edidisse
938 3133 1049 3194 videtur
1071 3152 1125 3194 ce·

91 3207 150 3278 lox.
191 3221 236 3278 Ad
259 3219 392 3278 librorum
415 3225 507 3280 nutem
530 3220 710 3298 scripturum,
733 3218 835 3277 caelo
857 3219 901 3278 vel
925 3219 1037 3288 coelo,
1060 3238 1125 3300 pro-

91 3293 144 3369 pius
171 3305 281 3363 accedit
309 3305 402 3375 celo;
434 3323 573 3382 quumque
594 3325 655 3363 eom
677 3303 807 3363 vocabuli
828 3301 946 3361 formem
968 3303 1052 3366 etiem
1074 3302 1125 3360 oli-

17 3419 19 3430 >
92 3377 126 3450 lb
155 3384 253 3448 lsidor.
277 3389 359 3470 0rig.
380 3389 460 3448 xlx.
486 3399 518 3460 1,
548 3391 733 3468 reperiemus,
758 3408 814 3445 non
837 3387 961 3447 dubitavi
983 3387 1058 3444 istud
1081 3406 1125 3444 re·

17 3487 18 3508 ³
91 3465 205 3532 flfituere.
262 3475 404 3536 llirmotur
437 3473 527 3556 igitur
560 3476 642 3538 etiem
671 3473 873 3552 quodummodo
901 3472 1002 3534 lsidon'
1035 3473 1123 3540 locus,

92 3551 156 3614 unde
177 3559 302 3622 nonnulli
324 3561 416 3620 minum
437 3561 569 3622 usitotnm
584 3559 703 3620 formum
716 3559 917 3632 exturbarunt,
940 3553 1124 3619 bocAlrenii.

585 3727 623 3788 X.

18 3903 19 3921 p
94 3913 100 3930 .
131 3921 137 3936 ι
165 3842 329 3906 Priscianus
357 3848 406 3906 vl.
433 3855 463 3910 7.
486 3854 536 3909 36.
560 3869 587 3926 p.
605 3852 668 3908 694
695 3866 740 3926 op.
768 3845 904 3904 Putscb.:
940 3841 1040 3922 „lpsi
1072 3859 1124 3921 pro

18 3983 19 3986 ,
93 3933 178 3995 lmus.
221 3931 355 3992 Asconius
376 3933 405 3991 iu
428 3933 565 3992 Homine:

134 4022 212 4120 Ipsi
235 4057 295 4104 me
322 4037 418 4106 velle
442 4036 660 4108 vestimenta
683 4030 837 4106 dicito.“

18 4211 19 4216 ,
95 4134 204 4214 licito.
234 4153 315 4213 Unus
331 4153 508 4217 cod.Krebl.
526 4151 650 4233 dieite.
671 4183 713 4198 -·
740 4144 1073 4230 Cl.Suspentnefrngn.
1086 4144 1125 4205 Χ.
