2774 4972
1038 375 1115 454 l'id

181 553 259 626 lam
280 555 459 649 igiturex
484 556 649 628 omnibns
669 555 759 644 fere,
786 576 878 646 qnae
899 556 945 625 dc
958 553 1114 626 Afranio

92 657 359 748 disputavimus,
408 665 576 748 apparet,
624 659 722 750 quod
758 655 961 727 Menander
1003 657 1116 728 fuerit

93 755 245 846 Graecis,
272 760 368 829 idem
389 759 500 846 illum,
527 759 635 829 huius
652 758 877 849 discipulum,
903 758 1018 828 inisse
1039 754 1114 829 Ro·

90 861 203 932 manis.
261 857 462 931 Menander
497 862 655 930 omnium
682 860 839 930 maxime
871 860 1042 930 excelluit
1072 860 1113 930 iu

91 957 304 1032 Graecorum
325 963 485 1033 moribus
507 962 762 1047 describendis,
788 961 966 1032 Afranius
986 963 1023 1030 in
1039 958 1114 1032 Ro·

90 1085 276 1134 manorum.
329 1063 399 1134 Ille
418 1065 456 1132 in
472 1063 596 1134 Attico
618 1084 785 1134 sermone
799 1063 1015 1154 elegantiam
1029 1085 1114 1134 con·

90 1172 222 1235 secutus
250 1172 323 1251 est,
357 1165 416 1234 hic
435 1166 473 1234 in
501 1165 645 1236 Latino.
696 1163 917 1250 Menander,
953 1164 991 1234 id
1017 1166 1114 1259 quod

89 1272 119 1334 ct
137 1265 251 1357 ipsum
275 1267 508 1338 memorabile
529 1273 596 1354 est,
623 1261 806 1338 Graecum
827 1267 1005 1358 tragicum
1028 1272 1113 1358 poia·

88 1373 163 1454 tam,
186 1367 409 1458 Euripidem,
435 1369 594 1439 imitatus
617 1376 683 1456 est,
703 1367 879 1438 Afranius
896 1364 1113 1456 Romanum,

89 1465 124 1539 c.
148 1467 299 1541 Titium.
347 1467 544 1562 Utriusque
571 1471 755 1562 ingenium
777 1474 855 1539 erat
876 1469 1127 1540 foecundissi.

13 1625 14 1632 ,
87 1591 183 1641 uum.
235 1570 383 1649 Quanto
417 1580 538 1641 antem
572 1573 735 1658 omnino,
771 1571 870 1664 quod
899 1571 946 1640 ad
971 1571 1112 1642 litteras

13 1665 15 1754 ἶ
87 1672 219 1757 attinet,
255 1671 411 1744 Romani
444 1669 597 1744 Graecis
626 1673 864 1765 postponendi
878 1680 985 1758 sunt,
1012 1679 1112 1744 tanto

87 1771 182 1844 etiam
195 1773 392 1845 Afranium
402 1773 603 1846 Menandro
619 1776 773 1846 cessisse
785 1775 952 1845 arbitror.
974 1773 1113 1851 Quam-

87 1893 180 1964 quam
208 1876 351 1962 nescio,
392 1899 440 1945 an
469 1877 549 1968 plus
577 1877 686 1946 etiam
721 1875 923 1946 detrimenti
953 1875 1113 1966 ceperint
1229 1911 1234 1920 ·

13 2017 14 2030 .
87 1969 262 2048 Romanae
297 1979 439 2048 litterae
477 2001 525 2048 ex
559 1977 745 2068 deperdito
785 1977 963 2061 Afranio,
1004 1997 1112 2068 quam

88 2067 242 2148 Graecae
264 2101 313 2149 ex
328 2075 548 2165 Menandro,
572 2079 674 2148 cuins
688 2078 905 2170 omninoque
918 2099 1036 2147 novae
1051 2100 1113 2148 co·

86 2179 238 2250 moediae
252 2189 440 2272 poetarum
452 2182 647 2265 rationem,
666 2203 738 2273 qua
750 2180 807 2250 nsi
821 2179 942 2250 sintin
955 2186 1112 2248 tractan-

87 2277 132 2348 dis
150 2282 388 2374 argumentis,
411 2306 459 2353 ex
472 2281 604 2352 Plauto
619 2280 864 2374 Terentioque
880 2282 1111 2373 quodammo-

86 2377 124 2448 do
148 2386 410 2474 cognoscimus.
452 2381 550 2454 Tum
570 2385 603 2454 si
626 2383 742 2474 ipsam
768 2384 928 2475 linguam
956 2385 1110 2472 spectes,

86 2483 235 2580 proiectu
257 2487 432 2556 nonnulla
445 2489 575 2570 verba,
599 2487 789 2556 nonnullas
811 2484 955 2556 dicendi
975 2485 1111 2554 formu·

13 2615 15 2664 q
88 2581 149 2670 los,
180 2588 252 2660 uisi
277 2611 326 2658 ex
351 2587 515 2672 comicis,
558 2587 656 2657 hand
679 2587 789 2658 facile
814 2587 944 2657 disces.
995 2585 1112 2677 Atqui

13 2683 15 2720 ³
86 2694 215 2757 exstant
264 2687 383 2758 adhuc
429 2689 685 2778 Aristophanis
732 2688 937 2760 fabularum
976 2687 1109 2777 plures,

13 2767 17 2868 i
85 2787 195 2857 referti
227 2796 314 2860 sunt
342 2799 378 2858 et
403 2789 509 2860 huius
534 2797 571 2859 ct
597 2792 750 2860 aliorum
776 2791 994 2859 comicorum
1019 2787 1111 2858 locis

13 2877 14 2912 ³
85 2883 294 2978 Athenaeus
322 2890 517 2978 Stobaeus,
544 2893 627 2980 alii3
653 2900 857 2983 togatarum
883 2890 1109 2981 scriptorum,

84 2993 116 3054 ut
138 2992 196 3082 qni
220 2992 309 3080 soli,
344 3015 473 3085 quum,
510 2995 571 3084 qui
607 2990 753 3066 Graeca
784 2999 980 3062 tractarent
1004 3014 1109 3083 argn-

85 3100 209 3180 menta,
246 3089 400 3166 Graccis
432 3116 575 3186 qnoque
600 3097 760 3166 moribus
786 3096 944 3186 lingnam
971 3115 1110 3164 accom-

13 3269 15 3296 .
87 3193 279 3281 nodarent,
312 3218 396 3266 raro
431 3203 567 3266 tantum
603 3198 720 3287 patria
746 3197 909 3265 instituta
935 3197 1109 3288 attingen-

13 3363 14 3372 χ
85 3295 145 3379 tes,
184 3320 231 3367 ex
270 3298 385 3387 ipsius
426 3299 550 3388 populi
585 3295 742 3368 Romani
779 3307 895 3367 mente
921 3319 1110 3388 personas,

13 3401 14 3440 t
86 3410 162 3481 quas
187 3399 407 3486 inducerent,
433 3401 620 3491 loquentes
645 3401 809 3482 fecerint,
837 3401 997 3489 exceptis
1022 3420 1110 3490 pau·

13 3527 15 3596 q
86 3493 128 3562 cis
155 3498 366 3592 fragmentis
399 3523 541 3593 unaque
579 3502 723 3588 fabula,
765 3522 881 3592 eaque
912 3500 1111 3570 serioribrs

86 3597 292 3689 tenporibus
319 3604 485 3673 conlecta
512 3610 548 3672 ct
572 3626 618 3672 ne
646 3603 785 3694 integra
817 3602 979 3694 quidem,
1011 3601 1112 3671 nulla

85 3711 299 3774 monumenta
325 3711 486 3776 nostram
512 3711 667 3775 aetatem
692 3707 860 3776 tulerunt.
