2824 4966
1087 351 1141 430 57

98 517 226 611 inti,
259 521 389 616 quippe
419 521 483 616 qni
514 517 605 596 no.
631 520 847 596 Maecenate
872 522 961 594 bero
986 547 1140 616 praeno·

98 645 193 695 men«
208 625 391 716 acceperit
403 623 484 722 1111).
534 621 688 696 Relatns
721 633 841 696 autem
870 626 909 696 iu
935 633 1140 718 togatarum

98 725 293 816 scriptores
325 730 507 817 putandus
548 735 602 798 est
640 734 788 818 propter
817 729 1001 798 trabeatus
1033 751 1139 818 suas3

99 828 171 896 etsi
201 828 266 896 vix
298 829 470 902 credibile
503 836 575 916 est,
618 828 676 900 bis
714 828 920 900 seboliastis
953 830 1041 922 ipsis
1075 853 1138 902 eus

97 929 310 999 innotuisse.
1174 941 1177 948 ’

202 1029 401 1108 Quaeritur
424 1030 517 1116 iam,
543 1053 634 1124 quos
660 1027 884 1123 potissimum
906 1054 1050 1120 eorum,
1078 1033 1140 1127 qui

96 1131 228 1212 trabea
258 1140 461 1228 uterentur,
502 1129 675 1204 Melissus
710 1132 746 1201 in
779 1132 835 1202 his
868 1132 1002 1204 fabulis
1029 1135 1138 1203 intro·

96 1233 257 1323 duxerit.
295 1217 560 1324 Osaunus¹³⁷)
588 1256 636 1303 ex
662 1234 808 1303 notione
833 1235 999 1322 trabeae,
1027 1256 1138 1325 expe·

92 1335 171 1423 sita
197 1356 222 1402 a
245 1331 350 1424 Lydo
359 1333 505 1432 118);.,
507 1327 574 1422 ,Ἠ
601 1329 766 1428 apeliote
791 1328 911 1426 μόνου
937 1339 1005 1406 τοῦ
1031 1332 1140 1434 ῥηγὸς

96 1427 307 1531 ἐτύγχανε
324 1439 562 1538 qqpcuodpc,
611 1431 723 1507 οἱονεὶ
770 1431 933 1528 στολὴ
918 1431 1139 1530 επίσημοςβ

95 1537 355 1627 suspiratur,
362 1523 517 1625 istarum
546 1523 751 1610 fabularum
791 1549 1011 1630 argmenta
1045 1541 1140 1610 iutra

96 1661 230 1732 regum
259 1613 430 1736 historias
461 1641 540 1710 fere
572 1639 785 1732 constitisse.
839 1637 915 1710 Sed
939 1639 1036 1732 Lydi
1062 1642 1138 1734 qui·

97 1742 195 1830 deun.
210 1740 447 1835 opiqipnepu,
455 1763 573 1836 reges
604 1741 703 1812 solos
735 1743 899 1813 trabeam
925 1742 1138 1834 gestavisse,

98 1865 148 1915 ex
178 1841 242 1936 iis,
253 1863 364 1942 ‚quae
381 1843 437 1912 de
453 1840 560 1912 buius
584 1845 698 1914 vestis
722 1865 792 1915 usu
813 1843 982 1931 diximus,
1008 1844 1139 1914 falsam

98 1965 183 2014 esse
197 1950 350 2040 putet·
369 1942 497 2035 Neque
523 1945 668 2014 omuino
693 1946 823 2041 liquet,
848 1966 961 2036 qnare
986 1947 1140 2035 scriptor

96 2067 207 2140 reges
239 2046 466 2138 potissimum
498 2047 680 2117 trabeatos
713 2048 980 2116 introducturus
1017 2047 1139 2117 fuerit.

96 2145 334 2221 Probabitius
367 2147 462 2220 sumi
493 2155 602 2241 queat
633 2171 698 2244 eu¹
714 2146 881 2238 Dionysii
907 2127 1139 2216 Halicarnas-

97 2249 235 2334 sensis,
257 2271 420 2346 quacum·
438 2250 591 2326 aliorum
606 2247 821 2338 scriptorum
834 2248 1041 2318 testimonia
1055 2271 1139 2318 con·

98 2350 271 2438 sentiunt,
290 2348 538 2442 ¹descriptione
553 2351 737 2438 saliorum,
763 2350 830 2420 hos
847 2349 1018 2420 trabeatis
1033 2371 1139 2443 argu·

97 2460 223 2540 menta
248 2453 547 2544 suppeditavisse.
598 2449 665 2524 Est
691 2459 829 2534 autem,
866 2455 961 2543 quod
983 2476 1041 2523 me
1063 2475 1139 2522 mo·

39 2611 42 2622 .
99 2561 203 2640 reat,
237 2563 278 2622 ut
302 2553 422 2650 potius¹
448 2576 529 2624 euru
555 2553 772 2624 Porcelliniu
789 2553 873 2648 ¹³⁹),
900 2555 948 2628 A.
972 2549 1018 2624 G.
1041 2553 1139 2624 Lan·
1203 2587 1205 2594 v

99 2656 160 2746 gio
178 2651 246 2746 ¹⁴⁰)
274 2655 436 2747 aliisque,
463 2677 616 2747 quorum
641 2666 761 2726 tamen
791 2676 897 2725 nemo
924 2653 1140 2746 suspicionis
1213 2736 1218 2747 ,

99 2778 191 2826 suae
218 2779 368 2830 cansam
393 2757 531 2848 prodit,
572 2757 773 2848 praecipue
790 2758 927 2850 equites
953 2754 1140 2826 Romanos

99 2859 136 2928 in
160 2859 298 2933 fabulis
321 2859 492 2940 trabeatis
514 2866 805 2952 repraesentatos
824 2881 908 2928 esse
926 2858 1139 2928 existimem.

100 2959 199 3032 Tres
226 2968 327 3052 erpqt
354 2961 447 3032 enim
473 2952 706 3052 pbst'Sullae
732 2967 896 3053 tempora
920 2961 1044 3050 popuii
1066 2957 1142 3028 lto-

98 3061 198 3132 maui
225 3062 389 3132 ordines:
404 3059 633 3148 'senatorius
660 3067 839 3154 equester,
865 3062 1039 3153 plebeius.
1074 3057 1141 3130 Se·

99 3164 265 3234 natorius
286 3164 376 3232 orde
391 3163 429 3248 in
444 3164 680 3257 praetextatis
695 3163 944 3246 inducebatur,
971 3169 1011 3232 ut
1031 3183 1142 3252 supra

100 3264 271 3351 vidimus,
297 3266 400 3355 plebe
427 3264 463 3334 in
485 3265 711 3352 tabernariis,
737 3266 833 3356 quod
854 3265 950 3333 infra
967 3272 1142 3334 monstra·

99 3366 232 3452 bitus,
263 3363 392 3440 Tertio
427 3367 564 3452 ordini,
606 3367 782 3459 equestri,
822 3373 861 3434 ut
892 3365 954 3456 qui
986 3387 1059 3434 nou
1091 3364 1143 3433 ita

11 3533 16 3545 ,
99 3469 214 3540 multo
249 3474 344 3562 ante
365 3468 472 3558 plane
505 3469 718 3540 constItutus
745 3474 858 3556 esset,
894 3468 1053 3536 nondum
1080 3489 1142 3535 ex·

100 3571 247 3640 stabant
277 3567 435 3640 fabulae.
487 3570 614 3648 Quare
639 3569 830 3655 Melissos,
871 3576 910 3638 ut
935 3590 1021 3638 suas
1046 3568 1141 3659 quis·

100 3693 173 3764 qne
212 3670 364 3742 haberet
396 3670 484 3742 ordo
516 3671 679 3761 fabulas,
720 3672 767 3741 ad
798 3692 952 3757 novum,
993 3669 1029 3738 iu
1069 3688 1141 3760 quo

190 3903 265 3984 136)
294 3905 339 3964 cf.
359 3905 491 3966 brennus
516 3907 552 3971 ed
581 3905 710 3986 Appuleii
738 3905 773 3966 de
800 3904 1009 4006 orthographia
1039 3899 1142 3982 fragm.
1270 3870 1273 3876 Ι
1402 3929 1403 3978 q

101 4011 130 4070 p
146 3998 264 4052 70.-
298 3990 404 4070 tauji.
419 4011 500 4050 e.-
531 3991 605 4073 138)
619 3991 838 4074 dediogrstrett.
850 3990 1015 4070 rerprom
1028 3988 1143 4049 17-

11 4107 14 4112 >
104 4073 187 4220 ἓξ)
202 4074 372 4276 ΙὲοέῚΙίυς
391 4075 458 4136 Lat.
480 4096 508 4138 v.
531 4077 751 4137 Trabantur.
773 4111 815 4122 —
844 4071 919 4156 140)
943 4072 1052 4132 Vindio.
1066 4079 1142 4153 trag.
