2774 4972
246 242 331 386 roo

245 483 365 545 lensia
386 482 497 544 Afranii
517 484 639 564 scriptus
658 485 749 546 fnisse
770 485 869 548 diebus
890 485 981 547 sestis.
1007 487 1084 546 luen
1099 485 1188 569 igitur
1202 487 1279 546 etiarn

246 571 282 629 de
302 571 389 629 Attae
417 571 629 652 Megalensibus
650 579 776 631 intuere
796 572 907 646 licebit,
936 579 968 632 et
987 571 1112 632 fortasse
1132 573 1168 632 de
1184 574 1280 632 Asadi·

245 655 333 716 lioiu
353 673 465 735 quoque
486 656 611 716 eiusdem
632 663 744 738 poetae.

555 926 984 986 CONSOBRINL

760 1063 782 1122 1.

255 1211 260 1220 ·
331 1176 440 1238 Gellius
457 1176 520 1236 XV.
539 1186 593 1238 132
617 1180 732 1250 „Utor
754 1185 784 1238 et
804 1199 938 1240 vereor
959 1185 989 1238 et
1009 1179 1139 1238 hortor
1161 1185 1191 1238 et
1210 1197 1286 1238 oon-¹

248 1262 349 1322 solor
370 1263 525 1322 communio
546 1264 633 1324 verba
654 1272 735 1336 sunt,
759 1284 794 1323 no
814 1264 870 1324 dici
891 1272 1012 1344 utroque
1035 1283 1134 1324 versus
1156 1271 1283 1343 possunt:

245 1367 376 1409 vereor
397 1355 432 1407 to
459 1354 489 1406 et
515 1367 651 1408 vereor
678 1350 741 1408 abs
767 1356 816 1421 te,
843 1349 872 1408 id
899 1356 956 1420 nst,
988 1357 1017 1407 tu
1040 1369 1083 1408 rue
1104 1349 1223 1408 verens.
1244 1379 1284 1392 -

246 1434 387 1492 Testor
421 1451 533 1511 quoque
569 1441 600 1492 et
626 1433 859 1514 interpretor
897 1433 1106 1515 significatione
1141 1432 1280 1512 reciproca

245 1518 388 1576 dicuutur.
427 1521 502 1576 Sunt
522 1525 616 1577 autern
637 1519 724 1578 verba
744 1519 814 1592 baec
836 1519 930 1578 omnia
951 1539 988 1577 ex
1010 1519 1101 1578 alteru
1123 1527 1206 1598 parte
1226 1518 1283 1576 inu-

234 1597 345 1673 ¹sitata;
376 1607 406 1661 ot
433 1623 469 1662 an
492 1601 567 1662 dieto
589 1602 662 1674 sint,
689 1603 718 1663 in
740 1624 802 1663 earu
823 1624 935 1683 quoque
957 1611 1064 1683 partem
1086 1605 1186 1682 quaeri
1207 1603 1283 1660 solet.

243 1683 380 1747 Afranius
401 1687 429 1744 iu
452 1687 654 1746 Consobrinis:

296 1771 393 1842 Hem
419 1772 488 1843 isti
514 1781 702 1862 pareutum
729 1781 784 1843 est
809 1763 888 1842 vita
911 1773 996 1842 vilis
1022 1763 1161 1860 liberis³

296 1872 368 1944 Ubi
393 1875 529 1944 malunt
554 1875 676 1961 metui,
704 1867 812 1965 qua'um
839 1878 958 1944 vereri
983 1897 1024 1944 se
1051 1866 1098 1944 rib
1125 1873 1214 1944 suis·

246 1975 301 2034 flio
322 1974 445 2036 vereri
467 1995 505 2034 ex
527 1995 562 2034 eo
583 1984 663 2054 purte
685 1976 788 2035 dictum
811 1984 865 2048 est,
887 1996 960 2055 qnae
982 1983 1026 2034 est
1039 1995 1103 2051 ,non
1126 1973 1284 2034 usitatior.“

246 2061 329 2119 Horu
351 2061 434 2118 isto.
462 2061 512 2120 Sia
533 2062 615 2120 codd.
644 2061 769 2139 plerique
791 2069 821 2120 et
841 2062 1016 2120 recentiores
1037 2061 1100 2118 edd.
1129 2060 1201 2118 Edd.
1221 2063 1283 2118 vett.

245 2146 328 2204 Hem
357 2145 447 2216 iste;
478 2146 543 2204 item
570 2147 740 2225 Stephanus.
778 2147 830 2204 Ed.
863 2147 926 2205 stu.
960 2147 1042 2203 Hem
1074 2143 1186 2203 bisoo.
1220 2141 1283 2200 Edd.

247 2231 353 2308 Grypb.
379 2250 470 2310 marg.
499 2231 616 2302 bisce,
650 2238 679 2290 et
705 2233 769 2290 al’s
796 2231 906 2290 bisoo.
954 2232 1083 2288 Muretus
1120 2229 1188 2288 Van.
1221 2228 1281 2286 lect.

246 2316 308 2375 vll.
323 2321 352 2386 4,
374 2314 490 2394 Lipsius
512 2315 579 2374 Vor.
601 2316 666 2374 lect.
680 2315 715 2374 ii.
739 2323 789 2387 28,
811 2316 949 2395 probante
966 2315 1082 2388 0iselio‚
1104 2315 1283 2372 florumoe.

248 2400 423 2471 Gronovius,
451 2419 535 2478 quum
561 2399 590 2460 in
620 2401 682 2460 cod.
712 2401 806 2481 Regio
840 2408 935 2460 exstet
961 2401 1147 2470 Hemusto,
1182 2394 1285 2458 restitui

246 2485 337 2544 voluit
357 2484 423 2542 Hei
444 2493 479 2543 tu
502 2485 593 2558 isto,
622 2505 703 2563 quam
725 2486 891 2563 scripturam
913 2485 1012 2543 merito
1035 2481 1143 2542 refutat
1164 2483 1283 2542 Botbius.

247 2571 323 2629 lsto
350 2569 589 2647 iuterpretuuduru
617 2571 728 2630 videtur
757 2590 817 2628 oum
841 2571 969 2629 Faistero
996 2589 1038 2628 ou
1070 2576 1223 2647 propter
1244 2563 1284 2625 vei

246 2662 464 2735 propteroa,
491 2663 524 2712 ut
544 2655 638 2714 Plaut.
666 2655 850 2714 uunlvff.
874 2663 908 2716 8:
942 2655 1026 2727 „isto
1056 2661 1086 2710 tu
1115 2672 1222 2731 pauper
1247 2668 1283 2718 es,

247 2760 330 2819 quum
358 2739 439 2796 nimis
466 2746 564 2798 sancte
592 2739 685 2818 pius.“
707 2773 749 2784 -
775 2740 855 2799 vita
875 2738 970 2800 vilis.
1015 2739 1077 2808 Sic,
1106 2735 1283 2816 probantibus

247 2823 462 2898 recentioribus,
484 2824 558 2902 quod
580 2825 676 2896 sciam,
698 2823 835 2896 ominibus,
858 2824 973 2903 Lipsius
994 2823 1013 2881 Ι.
1032 2843 1067 2892 e.‚·
1089 2821 1209 2880 laudans
1230 2819 1283 2878 eie.

248 2909 277 2969 iu
300 2911 363 2967 Cat.
377 2909 398 2965 Ι.
416 2917 449 2968 8:
478 2909 630 2979 „Quorum
653 2909 768 2968 esttibi
790 2909 921 2969 uidelicet
942 2907 1097 2968 auotoritas
1118 2927 1202 2977 cara,
1233 2903 1284 2963 vitu

247 2991 412 3054 vilissima.“
437 2993 527 3052 *otim
555 2995 642 3074 vulgo
673 2995 823 3074 legebatur
854 2993 1037 3064 vitabilis,
1066 2992 1143 3050 unde
1164 2991 1283 3050 Muretus

248 3078 267 3136 l.
288 3098 313 3136 s.
335 3076 404 3136 fecit
424 3077 501 3138 vita
531 3078 628 3138 bilis.
670 3080 740 3138 Cod.
768 3079 888 3157 Gueipb.
920 3078 954 3136 in
986 3077 1132 3136 talibus.
1155 3109 1197 3121 -
1217 3070 1283 3134 ubi.

247 3163 351 3222 Muret.
373 3161 452 3242 Lips.
469 3164 555 3222 0isei.
574 3163 650 3229 Qui.
672 3197 715 3208 -
736 3164 775 3222 ab
798 3164 883 3226 suis.
906 3161 1282 3241 uud.vett‚stepn.u1uren

246 3246 328 3327 Lips.
351 3247 437 3306 0isel.
459 3268 477 3307 a
497 3248 584 3308 suis.
616 3249 696 3308 tunt.
718 3249 782 3308 Aru.
805 3249 900 3321 suis,
923 3247 1028 3307 omissa
1048 3245 1265 3325 praepositione.

751 3382 787 3442 11.

332 3503 435 3561 Festus
456 3502 702 3575 v.Temetun1,
725 3503 827 3562 Sched.
849 3524 876 3581 p.
895 3509 934 3563 92
951 3501 995 3561 od.
1008 3501 1128 3562 Dacos:
1152 3498 1283 3571 „Temo

248 3595 333 3658 tunr,
356 3586 459 3647 ιίιιιιιιι.
481 3621 524 3630 -
545 3585 681 3649 Afranius
703 3587 731 3646 in
756 3586 956 3646 Consobrinis:

297 3670 371 3743 Pol
396 3664 513 3764 mrigis
539 3674 644 3743 istius
670 3673 888 3744 temulentae
913 3663 1071 3744 futilisf‘

749 3825 798 3885 ΙΙΙ.

336 3942 481 4007 Charisius
501 3943 537 4006 11.
559 3965 587 4022 p.
605 3950 664 4003 183
688 3963 734 4023 ap.
755 3943 889 4004 Putsoh.:
921 3940 1075 4014 „Lenta
1108 3931 1238 4021 Airanius
1256 3926 1281 3984 in

250 4027 453 4088 Consobrinis:

301 4112 384 4184 Nou
399 4134 479 4185 sum
494 4104 592 4204 ripud
606 4111 687 4188 moi
701 4113 809 4202 Hem,
823 4113 943 4187 lentus
955 4097 1054 4185 lentii
1067 4117 1103 4178 te
1117 4093 1282 4196 reginos
