2824 4966
286 331 341 408 62

286 507 385 578 diam
401 505 498 598 apud
513 499 678 578 Graecos
692 503 842 580 dubium
855 507 1008 602 estquis
1021 507 1214 595 invenerit,
1229 511 1322 600 apud

284 608 439 682 Latinos
459 614 597 678 certum
615 615 680 679 est
714 605 951 681 comoediam
972 619 1009 682 et
1027 612 1256 704 tragoediam
1273 617 1322 684 to·

283 717 407 803 gaiam
426 709 541 800 primo
556 708 686 782 Livius
700 709 933 784 Andronicus
948 713 1121 804 reperit,“
1147 713 1236 805 qnia
1251 712 1321 803 opi·

284 815 346 882 nio
363 813 433 882 ista
442 833 560 903 neque
570 811 663 882 atius
673 813 859 904 scriptoris
869 814 1075 885 testimonio
1085 835 1204 906 nequa
1214 814 1322 904 ipsius

285 913 488 988 Andronici
500 914 706 984 fabularum
719 914 831 985 titulis
846 921 908 985 aut
917 915 1131 1008 fragmentis
1140 915 1321 1007 probatur,

285 1023 350 1086 unt
369 1017 415 1084 ab
439 1016 565 1108 ignaro
586 1015 731 1085 homine
756 1017 942 1106 profectus
964 1025 1027 1089 aut
1047 1023 1240 1108 corruptus
1259 1024 1321 1086 est.

286 1113 459 1188 Osannus
478 1116 545 1212 ²⁰⁹)
579 1140 645 1207 pro
673 1125 874 1208 togatam
894 1119 1048 1190 coniecit
1068 1119 1322 1209 palliatam3

284 1220 442 1290 fortasse
455 1226 563 1289 recte.
590 1216 787 1288 Probabile
801 1227 921 1290 autem
936 1227 1003 1308 est,
1018 1220 1197 1313 siquidem
1214 1242 1261 1290 ex
1275 1219 1322 1288 in·

284 1321 480 1412 scriptione
494 1319 656 1391 iudicare
669 1319 766 1407 licet,
783 1318 1021 1408 Naevium,
1047 1321 1151 1394 caina
1171 1319 1321 1392 Romn-

284 1416 357 1493 lus'
381 1423 568 1504 laudatur,
601 1420 755 1512 primum
783 1428 944 1514 togatam
971 1429 1235 1514 praetextatam
1264 1423 1322 1492 do·

285 1525 419 1612 coisse.
446 1520 555 1594 Certe
580 1523 792 1614 adstipulari
816 1546 888 1594 non
914 1543 1063 1615 possum
1086 1523 1137 1594 A.
1159 1519 1209 1596 G.
1232 1522 1321 1594 Lan·

285 1626 345 1717 gio
361 1625 441 1720 ²¹⁰),
469 1643 550 1694 eam
575 1625 802 1696 comoediam
827 1625 947 1716 potius
972 1627 1032 1698 vel
1049 1625 1201 1696 satiram
1214 1625 1322 1696 inism

282 1725 483 1817 suspicanti
508 1749 557 1796 ex
571 1724 747 1797 Varronis
770 1726 953 1822 loco²¹1):
980 1726 1074 1815 ‚bat
1096 1727 1194 1812 lana
1220 1745 1321 1818 quma

284 1829 323 1898 is
346 1826 506 1900 Romulo
529 1826 692 1898 Naevius
723 1827 881 1919 appellat
914 1825 1067 1916 Oscam,
1105 1831 1150 1900 ab
1183 1826 1321 1902 Oscis“

284 1929 390 2002 Haec
415 1930 523 2018 enim,
547 1936 599 2016 ut,
624 1931 746 2022 qualia
766 1935 861 2018 sunt,
885 1931 1051 2022 profecto
1068 1930 1157 2000 nibil
1172 1929 1321 2021 prodam

285 2033 331 2102 dc
356 2039 486 2102 natura
512 2030 658 2102 Romuli
682 2030 914 2119 Naevianae,
945 2033 998 2102 ita
1023 2033 1131 2104 etiarn
1154 2035 1320 2120 corrupta

285 2140 387 2220 sunt,
429 2143 465 2204 et
503 2153 586 2204 cum
623 2135 935 2220 antecedentibus,
980 2139 1021 2204 ut
1059 2135 1098 2204 in
1129 2130 1319 2206 tractandis

283 2236 496 2328 mgmcntis
516 2236 807 2320 monstrabimus,
835 2236 1060 2306 emendanda
1075 2234 1246 2306 videntur
1256 2232 1319 2304 bac

282 2338 443 2408 ratione:
470 2333 667 2423 „Carere
692 2359 716 2405 a
739 2338 915 2424 carendo,
942 2339 1038 2429 qnod
1064 2359 1145 2406 cam
1169 2330 1317 2431 (lanam)

274 2447 361 2509 tum
393 2445 548 2530 purgant
583 2460 628 2508 ac
659 2437 858 2525 deducunt,
904 2446 946 2508 nt
985 2446 1109 2508 careat
1140 2435 1316 2528 spurcitia,

281 2562 394 2633 quum
421 2563 469 2610 ex
495 2561 539 2608 eu
565 2547 704 2624 cerunt,
729 2541 826 2630 quod
849 2540 887 2608 in
915 2562 960 2610 aa
984 2539 1112 2610 haeret
1131 2555 1250 2631 neque
1270 2541 1318 2604 cst

283 2642 388 2730 iana3
410 2663 507 2734 quae
533 2642 570 2710 in
596 2638 752 2710 Romulo
777 2638 943 2712 Naevius
967 2642 1123 2732 appellat
1140 2637 1252 2725 (isca,
1276 2638 1316 2706 ab

284 2741 433 2815 osma
482 2741 559 2812 sco
583 2765 630 2812 ne
655 2740 748 2812 haec
772 2743 916 2833 quidem
941 2751 1107 2812 evertunt
1131 2738 1316 2833 probabiti-

284 2853 408 2931 που,
434 2865 543 2937 quam
558 2842 874 2935 offertinscriptio‚
900 2844 1062 2916 fabulam
1082 2844 1200 2915 fuisse
1222 2861 1316 2934 prar-

282 2953 479 3031 axutam,
506 2966 615 3038 quum
639 2967 712 3016 non
737 2946 947 3016 incredibile
968 2947 1153 3030 videatur,
1179 2950 1317 3036 podiam

283 3048 394 3118 etiam
428 3047 466 3116 in
497 3053 687 3137 praetexta
721 3049 768 3118 ad
802 3043 982 3118 Oscorum
1006 3050 1135 3119 sordes
1161 3047 1316 3118 altudere

282 3150 458 3242 potuisse.
509 3146 553 3218 Si
585 3170 633 3219 ex
666 3148 747 3219 aliis
777 3147 870 3218 iocis
896 3148 1090 3220 verisimile
1113 3156 1223 3235 essct,
1248 3143 1315 3216 Ro·

283 3273 412 3332 manos
443 3248 568 3321 Latini
597 3249 801 3341 argumenti
831 3249 1003 3322 babuisse
1033 3251 1178 3322 aarum
1210 3245 1315 3320 aaa·

86 3326 92 3337 Ι
124 3420 136 3437 ,
283 3353 469 3437 thonicas,
510 3359 585 3422 tum
616 3353 773 3424 fortasse
807 3351 967 3422 incidere
992 3374 1119 3443 posses
1143 3352 1182 3420 in
1205 3343 1315 3435 smpi-

285 3455 445 3538 cionrm,
491 3452 585 3524 hanc
626 3475 769 3545 quoquc
810 3452 971 3523 eiusdem
1011 3453 1127 3523 fuisse
1166 3446 1313 3544 generis.

284 3553 401 3626 Recte
433 3560 553 3625 autem
588 3553 753 3646 Longius
779 3576 861 3625 cum
887 3553 1072 3625 Scriverio
1085 3552 1152 3650 ²¹²)
1180 3560 1215 3622 et
1240 3545 1314 3618 aliis

285 3664 416 3750 negat,
461 3653 498 3724 in
544 3662 790 3747 praetextatas
829 3656 1060 3726 referendum
1095 3677 1176 3730 csse
1213 3643 1314 3722 Ennii

264 3751 514 3864 'Scipionem
544 3757 643 3848 quod
673 3757 839 3828 fecerunt
870 3753 1105 3854 Delrius213),
1139 3755 1312 3842 Bulengc-

344 3939 346 3944 ’
370 3973 447 4057 oco)
474 3974 603 4034 succa
632 3974 694 4034 cst.
721 3995 749 4054 p.
765 3979 816 4035 44.
837 4007 880 4020 -
912 3973 987 4056 mo)
1009 3974 1118 4035 vanc.
1140 3980 1216 4055 mg.
1236 3969 1311 4027 non.

265 4084 315 4143 φ.
332 4069 446 4124 14-
486 4059 562 4138 211)
591 4059 626 4118 oc
653 4058 1115 4142 caperebamur-
1156 4046 1312 4138 crotoni

287 4149 389 4208 lactan·
430 4151 500 4207 vett.
538 4143 657 4226 tragico.
690 4165 720 4224 p.
747 4152 797 4205 37.
830 4177 872 4188 -
921 4143 997 4222 213)
1043 4147 1194 4233 syntagm
1241 4144 1310 4213 ΜΚ·
