<?xml version="1.0" encoding="UTF-8"?>
<!DOCTYPE html PUBLIC "-//W3C//DTD XHTML 1.0 Transitional//EN"
    "http://www.w3.org/TR/xhtml1/DTD/xhtml1-transitional.dtd">
<html xmlns="http://www.w3.org/1999/xhtml" xml:lang="en" lang="en">
 <head>
  <title>
</title>
<meta http-equiv="Content-Type" content="text/html;charset=utf-8" />
  <meta name='ocr-system' content='tesseract 3.04.00' />
  <meta name='ocr-capabilities' content='ocr_page ocr_carea ocr_par ocr_line ocrx_word'/>
</head>
<body>
  <div class='ocr_page' id='page_1' title='image "./defabulatogatar00neukgoog_0084.png"; bbox 0 0 2772 4968; ppageno 0'>
   <div class='ocr_carea' id='block_1_1' title="bbox 369 1110 845 1180">
    <p class='ocr_par' dir='ltr' id='par_1_1' title="bbox 369 1110 845 1180">
     <span class='ocr_line' id='line_1_1' title="bbox 369 1110 845 1180; baseline 0 -2"><span class='ocrx_word' id='word_1_1' title='bbox 369 1111 431 1180; x_wconf 72' lang='grc' dir='ltr'><strong>ΙΙ.</strong></span> <span class='ocrx_word' id='word_1_2' title='bbox 484 1110 845 1179; x_wconf 69' lang='grc' dir='ltr'><strong>ΡΔΟΙΠΙΙ.</strong></span> 
     </span>
    </p>
   </div>
   <div class='ocr_carea' id='block_1_2' title="bbox 448 1392 765 1454">
    <p class='ocr_par' dir='ltr' id='par_1_2' title="bbox 448 1392 765 1454">
     <span class='ocr_line' id='line_1_2' title="bbox 448 1392 765 1454; baseline 0.006 -2"><span class='ocrx_word' id='word_1_3' title='bbox 448 1392 765 1454; x_wconf 82' lang='lat' dir='ltr'><strong>PAULLUS.</strong></span> 
     </span>
    </p>
   </div>
   <div class='ocr_carea' id='block_1_3' title="bbox 92 1543 1130 1880">
    <p class='ocr_par' dir='ltr' id='par_1_3' title="bbox 92 1543 1130 1880">
     <span class='ocr_line' id='line_1_3' title="bbox 169 1543 1129 1627; baseline 0.002 -23"><span class='ocrx_word' id='word_1_4' title='bbox 169 1545 292 1605; x_wconf 85' lang='lat' dir='ltr'><strong>Botbius</strong></span> <span class='ocrx_word' id='word_1_5' title='bbox 313 1545 417 1625; x_wconf 88' lang='lat' dir='ltr'><strong>aliique</strong></span> <span class='ocrx_word' id='word_1_6' title='bbox 430 1553 544 1627; x_wconf 84' lang='lat' dir='ltr'><strong>putant,</strong></span> <span class='ocrx_word' id='word_1_7' title='bbox 566 1546 638 1606; x_wconf 89' lang='lat' dir='ltr'><strong>banc</strong></span> <span class='ocrx_word' id='word_1_8' title='bbox 659 1553 868 1626; x_wconf 87' lang='lat' dir='ltr'><strong>praetextatam</strong></span> <span class='ocrx_word' id='word_1_9' title='bbox 887 1543 975 1606; x_wconf 83' lang='lat' dir='ltr'><strong>fuisse</strong></span> <span class='ocrx_word' id='word_1_10' title='bbox 998 1545 1129 1626; x_wconf 84' lang='lat' dir='ltr'><strong>scriptam</strong></span> 
     </span>
     <span class='ocr_line' id='line_1_4' title="bbox 92 1629 1129 1714; baseline 0.002 -25"><span class='ocrx_word' id='word_1_11' title='bbox 92 1631 124 1689; x_wconf 90' lang='lat' dir='ltr'><strong>de</strong></span> <span class='ocrx_word' id='word_1_12' title='bbox 142 1629 177 1690; x_wconf 86' lang='lat' dir='ltr'><strong>L.</strong></span> <span class='ocrx_word' id='word_1_13' title='bbox 190 1631 312 1690; x_wconf 82' lang='lat' dir='ltr'><strong>Aemilio</strong></span> <span class='ocrx_word' id='word_1_14' title='bbox 331 1631 448 1702; x_wconf 88' lang='lat' dir='ltr'><strong>Paullo,</strong></span> <span class='ocrx_word' id='word_1_15' title='bbox 471 1631 518 1710; x_wconf 88' lang='lat' dir='ltr'><strong>qui</strong></span> <span class='ocrx_word' id='word_1_16' title='bbox 535 1632 684 1702; x_wconf 84' lang='lat' dir='ltr'><strong>Perseum,</strong></span> <span class='ocrx_word' id='word_1_17' title='bbox 706 1631 889 1691; x_wconf 76' lang='lat' dir='ltr'><strong>Macedoniae</strong></span> <span class='ocrx_word' id='word_1_18' title='bbox 910 1651 1023 1714; x_wconf 76' lang='lat' dir='ltr'><strong>regem,</strong></span> <span class='ocrx_word' id='word_1_19' title='bbox 1046 1632 1129 1711; x_wconf 88' lang='lat' dir='ltr'><strong>cepit.</strong></span> 
     </span>
     <span class='ocr_line' id='line_1_5' title="bbox 93 1714 1130 1798; baseline 0.004 -25"><span class='ocrx_word' id='word_1_20' title='bbox 93 1717 134 1774; x_wconf 85' lang='lat' dir='ltr'><strong>llx</strong></span> <span class='ocrx_word' id='word_1_21' title='bbox 154 1714 340 1798; x_wconf 73' lang='lat' dir='ltr'><strong>bagmemis,</strong></span> <span class='ocrx_word' id='word_1_22' title='bbox 372 1735 443 1795; x_wconf 86' lang='lat' dir='ltr'><strong>quae</strong></span> <span class='ocrx_word' id='word_1_23' title='bbox 464 1723 615 1796; x_wconf 86' lang='lat' dir='ltr'><strong>supersunt</strong></span> <span class='ocrx_word' id='word_1_24' title='bbox 637 1715 817 1795; x_wconf 89' lang='lat' dir='ltr'><strong>paucissima,</strong></span> <span class='ocrx_word' id='word_1_25' title='bbox 852 1717 919 1776; x_wconf 90' lang='lat' dir='ltr'><strong>nibil</strong></span> <span class='ocrx_word' id='word_1_26' title='bbox 940 1717 1011 1778; x_wconf 88' lang='lat' dir='ltr'><strong>certi</strong></span> <span class='ocrx_word' id='word_1_27' title='bbox 1033 1716 1130 1798; x_wconf 76' lang='lat' dir='ltr'><strong>colligi</strong></span> 
     </span>
     <span class='ocr_line' id='line_1_6' title="bbox 93 1800 1130 1880; baseline 0 -20"><span class='ocrx_word' id='word_1_28' title='bbox 93 1807 188 1880; x_wconf 79' lang='lat' dir='ltr'><strong>potest.</strong></span> <span class='ocrx_word' id='word_1_29' title='bbox 233 1801 293 1860; x_wconf 88' lang='lat' dir='ltr'><strong>Per</strong></span> <span class='ocrx_word' id='word_1_30' title='bbox 313 1821 346 1860; x_wconf 88' lang='lat' dir='ltr'><strong>se</strong></span> <span class='ocrx_word' id='word_1_31' title='bbox 366 1800 476 1878; x_wconf 89' lang='lat' dir='ltr'><strong>quidem</strong></span> <span class='ocrx_word' id='word_1_32' title='bbox 496 1800 590 1860; x_wconf 91' lang='lat' dir='ltr'><strong>Paulli</strong></span> <span class='ocrx_word' id='word_1_33' title='bbox 610 1802 800 1873; x_wconf 77' lang='lat' dir='ltr'><strong>Macedonici,</strong></span> <span class='ocrx_word' id='word_1_34' title='bbox 834 1821 915 1880; x_wconf 86' lang='lat' dir='ltr'><strong>quern</strong></span> <span class='ocrx_word' id='word_1_35' title='bbox 937 1821 999 1861; x_wconf 86' lang='lat' dir='ltr'><strong>cnm</strong></span> <span class='ocrx_word' id='word_1_36' title='bbox 1020 1803 1130 1862; x_wconf 87' lang='lat' dir='ltr'><strong>Perseo</strong></span> 
     </span>
    </p>
   </div>
   <div class='ocr_carea' id='block_1_4' title="bbox 5 1885 1130 1970">
    <p class='ocr_par' dir='ltr' id='par_1_4' title="bbox 5 1885 1130 1970">
     <span class='ocr_line' id='line_1_7' title="bbox 5 1885 1130 1970; baseline 0.001 -27"><span class='ocrx_word' id='word_1_37' title='bbox 5 1965 7 1970; x_wconf 68' lang='lat'><strong>,</strong></span> <span class='ocrx_word' id='word_1_38' title='bbox 92 1885 185 1946; x_wconf 83' lang='lat' dir='ltr'><strong>Livius</strong></span> <span class='ocrx_word' id='word_1_39' title='bbox 205 1885 283 1944; x_wconf 82' lang='lat' dir='ltr'><strong>llist.</strong></span> <span class='ocrx_word' id='word_1_40' title='bbox 300 1885 391 1945; x_wconf 82' lang='lat' dir='ltr'><strong>XLV.</strong></span> <span class='ocrx_word' id='word_1_41' title='bbox 407 1891 449 1947; x_wconf 72' lang='lat'><strong>40</strong></span> <span class='ocrx_word' id='word_1_42' title='bbox 478 1892 564 1946; x_wconf 88' lang='lat' dir='ltr'><strong>vocat</strong></span> <span class='ocrx_word' id='word_1_43' title='bbox 584 1885 779 1946; x_wconf 75' lang='lat' dir='ltr'><strong>documentum</strong></span> <span class='ocrx_word' id='word_1_44' title='bbox 802 1886 983 1945; x_wconf 87' lang='lat' dir='ltr'><strong>bumanorum</strong></span> <span class='ocrx_word' id='word_1_45' title='bbox 1006 1906 1130 1959; x_wconf 74' lang='lat' dir='ltr'><strong>manum,</strong></span> 
     </span>
    </p>
   </div>
   <div class='ocr_carea' id='block_1_5' title="bbox 95 1969 1131 2052">
    <p class='ocr_par' dir='ltr' id='par_1_5' title="bbox 95 1969 1131 2052">
     <span class='ocr_line' id='line_1_8' title="bbox 95 1969 1131 2052; baseline 0.002 -24"><span class='ocrx_word' id='word_1_46' title='bbox 95 1970 230 2048; x_wconf 82' lang='lat' dir='ltr'><strong>aptissima</strong></span> <span class='ocrx_word' id='word_1_47' title='bbox 255 1977 317 2030; x_wconf 86' lang='lat' dir='ltr'><strong>erat</strong></span> <span class='ocrx_word' id='word_1_48' title='bbox 337 1989 461 2050; x_wconf 87' lang='lat' dir='ltr'><strong>persona</strong></span> <span class='ocrx_word' id='word_1_49' title='bbox 482 1972 519 2030; x_wconf 91' lang='lat' dir='ltr'><strong>ad</strong></span> <span class='ocrx_word' id='word_1_50' title='bbox 539 1969 667 2042; x_wconf 83' lang='lat' dir='ltr'><strong>fabulae,</strong></span> <span class='ocrx_word' id='word_1_51' title='bbox 704 1971 871 2052; x_wconf 81' lang='lat' dir='ltr'><strong>tragoediae</strong></span> <span class='ocrx_word' id='word_1_52' title='bbox 897 1971 996 2043; x_wconf 86' lang='lat' dir='ltr'><strong>simili,</strong></span> <span class='ocrx_word' id='word_1_53' title='bbox 1030 1991 1131 2051; x_wconf 84' lang='lat' dir='ltr'><strong>suppe-</strong></span> 
     </span>
    </p>
   </div>
   <div class='ocr_carea' id='block_1_6' title="bbox 5 2054 1130 2137">
    <p class='ocr_par' dir='ltr' id='par_1_6' title="bbox 5 2054 1130 2137">
     <span class='ocr_line' id='line_1_9' title="bbox 5 2054 1130 2137; baseline 0.002 -25"><span class='ocrx_word' id='word_1_54' title='bbox 5 2083 6 2088; x_wconf 41' lang='lat'>1</span> <span class='ocrx_word' id='word_1_55' title='bbox 95 2055 229 2114; x_wconf 82' lang='lat' dir='ltr'><strong>ditandum</strong></span> <span class='ocrx_word' id='word_1_56' title='bbox 260 2063 466 2137; x_wconf 81' lang='lat' dir='ltr'><strong>argumentum.</strong></span> <span class='ocrx_word' id='word_1_57' title='bbox 517 2055 610 2114; x_wconf 84' lang='lat' dir='ltr'><strong>Minus</strong></span> <span class='ocrx_word' id='word_1_58' title='bbox 638 2062 731 2114; x_wconf 85' lang='lat' dir='ltr'><strong>tamen</strong></span> <span class='ocrx_word' id='word_1_59' title='bbox 759 2055 823 2114; x_wconf 86' lang='lat' dir='ltr'><strong>mihi</strong></span> <span class='ocrx_word' id='word_1_60' title='bbox 844 2054 955 2115; x_wconf 88' lang='lat' dir='ltr'><strong>videtur</strong></span> <span class='ocrx_word' id='word_1_61' title='bbox 976 2056 1130 2134; x_wconf 81' lang='lat' dir='ltr'><strong>probabile,</strong></span> 
     </span>
    </p>
   </div>
   <div class='ocr_carea' id='block_1_7' title="bbox 61 2139 1133 2560">
    <p class='ocr_par' dir='ltr' id='par_1_7' title="bbox 61 2139 1133 2560">
     <span class='ocr_line' id='line_1_10' title="bbox 94 2139 1131 2221; baseline 0.002 -24"><span class='ocrx_word' id='word_1_62' title='bbox 94 2147 197 2218; x_wconf 66' lang='lat' dir='ltr'><strong>politam</strong></span> <span class='ocrx_word' id='word_1_63' title='bbox 218 2141 367 2220; x_wconf 84' lang='lat' dir='ltr'><strong>aequalem</strong></span> <span class='ocrx_word' id='word_1_64' title='bbox 388 2160 481 2212; x_wconf 77' lang='lat' dir='ltr'><strong>mum,</strong></span> <span class='ocrx_word' id='word_1_65' title='bbox 504 2139 585 2198; x_wconf 87' lang='lat' dir='ltr'><strong>cuius</strong></span> <span class='ocrx_word' id='word_1_66' title='bbox 606 2139 725 2198; x_wconf 83' lang='lat' dir='ltr'><strong>historia</strong></span> <span class='ocrx_word' id='word_1_67' title='bbox 746 2140 867 2198; x_wconf 89' lang='lat' dir='ltr'><strong>nondum</strong></span> <span class='ocrx_word' id='word_1_68' title='bbox 891 2139 1131 2221; x_wconf 77' lang='lat' dir='ltr'><strong>elonginquitate</strong></span> 
     </span>
     <span class='ocr_line' id='line_1_11' title="bbox 95 2223 1131 2302; baseline 0.002 -20"><span class='ocrx_word' id='word_1_69' title='bbox 95 2226 205 2302; x_wconf 80' lang='lat' dir='ltr'><strong>quodam</strong></span> <span class='ocrx_word' id='word_1_70' title='bbox 218 2226 362 2294; x_wconf 75' lang='lat' dir='ltr'><strong>hominnm</strong></span> <span class='ocrx_word' id='word_1_71' title='bbox 378 2225 477 2284; x_wconf 86' lang='lat' dir='ltr'><strong>animis</strong></span> <span class='ocrx_word' id='word_1_72' title='bbox 495 2224 712 2295; x_wconf 78' lang='lat' dir='ltr'><strong>obversabatur,</strong></span> <span class='ocrx_word' id='word_1_73' title='bbox 733 2223 761 2283; x_wconf 89' lang='lat' dir='ltr'><strong>in</strong></span> <span class='ocrx_word' id='word_1_74' title='bbox 777 2244 908 2283; x_wconf 80' lang='lat' dir='ltr'><strong>scaenam</strong></span> <span class='ocrx_word' id='word_1_75' title='bbox 929 2223 1131 2298; x_wconf 84' lang='lat' dir='ltr'><strong>introduxisse,</strong></span> 
     </span>
     <span class='ocr_line' id='line_1_12' title="bbox 61 2307 1132 2388; baseline 0.001 -21"><span class='ocrx_word' id='word_1_76' title='bbox 61 2339 65 2348; x_wconf 90' lang='lat'><strong>.</strong></span> <span class='ocrx_word' id='word_1_77' title='bbox 96 2310 144 2367; x_wconf 81' lang='lat' dir='ltr'><strong>etsi</strong></span> <span class='ocrx_word' id='word_1_78' title='bbox 168 2331 239 2371; x_wconf 86' lang='lat' dir='ltr'><strong>vere</strong></span> <span class='ocrx_word' id='word_1_79' title='bbox 267 2310 407 2369; x_wconf 87' lang='lat' dir='ltr'><strong>interdum</strong></span> <span class='ocrx_word' id='word_1_80' title='bbox 427 2309 554 2368; x_wconf 88' lang='lat' dir='ltr'><strong>homines</strong></span> <span class='ocrx_word' id='word_1_81' title='bbox 574 2309 702 2370; x_wconf 84' lang='lat' dir='ltr'><strong>viventes</strong></span> <span class='ocrx_word' id='word_1_82' title='bbox 723 2309 751 2368; x_wconf 88' lang='lat' dir='ltr'><strong>in</strong></span> <span class='ocrx_word' id='word_1_83' title='bbox 774 2309 816 2367; x_wconf 87' lang='lat' dir='ltr'><strong>bis</strong></span> <span class='ocrx_word' id='word_1_84' title='bbox 837 2307 939 2368; x_wconf 81' lang='lat' dir='ltr'><strong>fabulis</strong></span> <span class='ocrx_word' id='word_1_85' title='bbox 966 2327 1132 2388; x_wconf 84' lang='lat' dir='ltr'><strong>repraesen-</strong></span> 
     </span>
     <span class='ocr_line' id='line_1_13' title="bbox 96 2393 1133 2474; baseline 0.001 -22"><span class='ocrx_word' id='word_1_86' title='bbox 96 2393 142 2452; x_wconf 81' lang='lat' dir='ltr'><strong>mi</strong></span> <span class='ocrx_word' id='word_1_87' title='bbox 161 2403 249 2466; x_wconf 87' lang='lat' dir='ltr'><strong>suat,</strong></span> <span class='ocrx_word' id='word_1_88' title='bbox 270 2413 353 2473; x_wconf 89' lang='lat' dir='ltr'><strong>quam</strong></span> <span class='ocrx_word' id='word_1_89' title='bbox 373 2394 468 2473; x_wconf 89' lang='lat' dir='ltr'><strong>potius</strong></span> <span class='ocrx_word' id='word_1_90' title='bbox 489 2395 525 2453; x_wconf 93' lang='lat' dir='ltr'><strong>L.</strong></span> <span class='ocrx_word' id='word_1_91' title='bbox 547 2393 693 2453; x_wconf 84' lang='lat' dir='ltr'><strong>Aemilium</strong></span> <span class='ocrx_word' id='word_1_92' title='bbox 714 2394 858 2465; x_wconf 84' lang='lat' dir='ltr'><strong>Paullum,</strong></span> <span class='ocrx_word' id='word_1_93' title='bbox 885 2394 1061 2454; x_wconf 84' lang='lat' dir='ltr'><strong>Macedonici</strong></span> <span class='ocrx_word' id='word_1_94' title='bbox 1083 2413 1133 2474; x_wconf 86' lang='lat' dir='ltr'><strong>pa·</strong></span> 
     </span>
     <span class='ocr_line' id='line_1_14' title="bbox 97 2477 1132 2560; baseline 0.001 -23"><span class='ocrx_word' id='word_1_95' title='bbox 97 2485 174 2551; x_wconf 73' lang='lat' dir='ltr'><strong>bem,</strong></span> <span class='ocrx_word' id='word_1_96' title='bbox 205 2479 273 2559; x_wconf 85' lang='lat' dir='ltr'><strong>qui,</strong></span> <span class='ocrx_word' id='word_1_97' title='bbox 304 2479 404 2540; x_wconf 87' lang='lat' dir='ltr'><strong>iterum</strong></span> <span class='ocrx_word' id='word_1_98' title='bbox 432 2479 547 2551; x_wconf 89' lang='lat' dir='ltr'><strong>consul,</strong></span> <span class='ocrx_word' id='word_1_99' title='bbox 577 2479 606 2537; x_wconf 89' lang='lat' dir='ltr'><strong>iu</strong></span> <span class='ocrx_word' id='word_1_100' title='bbox 633 2477 748 2538; x_wconf 67' lang='lat' dir='ltr'><strong>moesto</strong></span> <span class='ocrx_word' id='word_1_101' title='bbox 774 2479 823 2540; x_wconf 91' lang='lat' dir='ltr'><strong>illo</strong></span> <span class='ocrx_word' id='word_1_102' title='bbox 851 2479 987 2538; x_wconf 83' lang='lat' dir='ltr'><strong>Romanis</strong></span> <span class='ocrx_word' id='word_1_103' title='bbox 1015 2479 1132 2560; x_wconf 90' lang='lat' dir='ltr'><strong>proelio,</strong></span> 
     </span>
    </p>
   </div>
   <div class='ocr_carea' id='block_1_8' title="bbox 5 2563 1133 2644">
    <p class='ocr_par' dir='ltr' id='par_1_8' title="bbox 5 2563 1133 2644">
     <span class='ocr_line' id='line_1_15' title="bbox 5 2563 1133 2644; baseline 0.001 -24"><span class='ocrx_word' id='word_1_104' title='bbox 5 2593 7 2620; x_wconf 59' lang='lat' dir='ltr'><strong>r</strong></span> <span class='ocrx_word' id='word_1_105' title='bbox 97 2563 128 2622; x_wconf 78' lang='lat' dir='ltr'><strong>ad</strong></span> <span class='ocrx_word' id='word_1_106' title='bbox 145 2565 262 2624; x_wconf 77' lang='lat' dir='ltr'><strong>Cannas</strong></span> <span class='ocrx_word' id='word_1_107' title='bbox 283 2564 430 2623; x_wconf 88' lang='lat' dir='ltr'><strong>commisso</strong></span> <span class='ocrx_word' id='word_1_108' title='bbox 452 2565 485 2623; x_wconf 84' lang='lat' dir='ltr'><strong>G.</strong></span> <span class='ocrx_word' id='word_1_109' title='bbox 503 2564 635 2623; x_wconf 83' lang='lat' dir='ltr'><strong>Terentii</strong></span> <span class='ocrx_word' id='word_1_110' title='bbox 657 2564 793 2623; x_wconf 78' lang='lat' dir='ltr'><strong>Varronis</strong></span> <span class='ocrx_word' id='word_1_111' title='bbox 814 2563 944 2644; x_wconf 76' lang='lat' dir='ltr'><strong>collegae</strong></span> <span class='ocrx_word' id='word_1_112' title='bbox 965 2564 1133 2634; x_wconf 85' lang='lat' dir='ltr'><strong>temeritate,</strong></span> 
     </span>
    </p>
   </div>
   <div class='ocr_carea' id='block_1_9' title="bbox 97 2648 1137 3406">
    <p class='ocr_par' dir='ltr' id='par_1_9' title="bbox 97 2648 1137 3406">
     <span class='ocr_line' id='line_1_16' title="bbox 99 2648 1133 2728; baseline 0.002 -24"><span class='ocrx_word' id='word_1_113' title='bbox 99 2648 166 2707; x_wconf 90' lang='lat' dir='ltr'><strong>omni</strong></span> <span class='ocrx_word' id='word_1_114' title='bbox 190 2649 277 2728; x_wconf 82' lang='lat' dir='ltr'><strong>eulpa</strong></span> <span class='ocrx_word' id='word_1_115' title='bbox 303 2668 417 2722; x_wconf 71' lang='lat' dir='ltr'><strong>camus,</strong></span> <span class='ocrx_word' id='word_1_116' title='bbox 449 2667 607 2728; x_wconf 83' lang='lat' dir='ltr'><strong>supremum</strong></span> <span class='ocrx_word' id='word_1_117' title='bbox 634 2648 705 2708; x_wconf 90' lang='lat' dir='ltr'><strong>diem</strong></span> <span class='ocrx_word' id='word_1_118' title='bbox 734 2648 811 2708; x_wconf 87' lang='lat' dir='ltr'><strong>obiit.</strong></span> <span class='ocrx_word' id='word_1_119' title='bbox 855 2648 917 2707; x_wconf 87' lang='lat' dir='ltr'><strong>Vid.</strong></span> <span class='ocrx_word' id='word_1_120' title='bbox 938 2648 1038 2708; x_wconf 79' lang='lat' dir='ltr'><strong>Livius</strong></span> <span class='ocrx_word' id='word_1_121' title='bbox 1059 2648 1133 2706; x_wconf 89' lang='lat' dir='ltr'><strong>llist.</strong></span> 
     </span>
     <span class='ocr_line' id='line_1_17' title="bbox 97 2730 1134 2815; baseline 0.001 -25"><span class='ocrx_word' id='word_1_122' title='bbox 97 2731 239 2796; x_wconf 76' lang='lat' dir='ltr'><strong>xxmas</strong></span> <span class='ocrx_word' id='word_1_123' title='bbox 258 2752 318 2812; x_wconf 83' lang='lat' dir='ltr'><strong>sqq.</strong></span> <span class='ocrx_word' id='word_1_124' title='bbox 360 2733 460 2792; x_wconf 89' lang='lat' dir='ltr'><strong>Potuit</strong></span> <span class='ocrx_word' id='word_1_125' title='bbox 481 2741 574 2793; x_wconf 85' lang='lat' dir='ltr'><strong>autem</strong></span> <span class='ocrx_word' id='word_1_126' title='bbox 595 2731 672 2806; x_wconf 90' lang='lat' dir='ltr'><strong>lieri,</strong></span> <span class='ocrx_word' id='word_1_127' title='bbox 701 2740 734 2792; x_wconf 91' lang='lat' dir='ltr'><strong>ut</strong></span> <span class='ocrx_word' id='word_1_128' title='bbox 754 2731 875 2815; x_wconf 78' lang='lat' dir='ltr'><strong>egregia</strong></span> <span class='ocrx_word' id='word_1_129' title='bbox 896 2753 959 2792; x_wconf 88' lang='lat' dir='ltr'><strong>sors</strong></span> <span class='ocrx_word' id='word_1_130' title='bbox 979 2730 1030 2791; x_wconf 90' lang='lat' dir='ltr'><strong>lilii</strong></span> <span class='ocrx_word' id='word_1_131' title='bbox 1051 2751 1134 2814; x_wconf 76' lang='lat' dir='ltr'><strong>egre-</strong></span> 
     </span>
     <span class='ocr_line' id='line_1_18' title="bbox 98 2816 1136 2897; baseline -0.001 -21"><span class='ocrx_word' id='word_1_132' title='bbox 98 2817 168 2896; x_wconf 74' lang='lat' dir='ltr'><strong>giam</strong></span> <span class='ocrx_word' id='word_1_133' title='bbox 196 2825 304 2878; x_wconf 88' lang='lat' dir='ltr'><strong>sortem</strong></span> <span class='ocrx_word' id='word_1_134' title='bbox 331 2818 420 2897; x_wconf 87' lang='lat' dir='ltr'><strong>patris</strong></span> <span class='ocrx_word' id='word_1_135' title='bbox 446 2816 488 2877; x_wconf 87' lang='lat' dir='ltr'><strong>ita</strong></span> <span class='ocrx_word' id='word_1_136' title='bbox 507 2817 634 2879; x_wconf 85' lang='lat' dir='ltr'><strong>Pacuvio</strong></span> <span class='ocrx_word' id='word_1_137' title='bbox 661 2818 690 2876; x_wconf 91' lang='lat' dir='ltr'><strong>in</strong></span> <span class='ocrx_word' id='word_1_138' title='bbox 718 2818 877 2877; x_wconf 87' lang='lat' dir='ltr'><strong>memoriam</strong></span> <span class='ocrx_word' id='word_1_139' title='bbox 905 2824 1068 2890; x_wconf 85' lang='lat' dir='ltr'><strong>revocaret,</strong></span> <span class='ocrx_word' id='word_1_140' title='bbox 1102 2824 1136 2876; x_wconf 90' lang='lat' dir='ltr'><strong>ut</strong></span> 
     </span>
     <span class='ocr_line' id='line_1_19' title="bbox 98 2901 1135 2982; baseline 0.002 -24"><span class='ocrx_word' id='word_1_141' title='bbox 98 2902 163 2962; x_wconf 89' lang='lat' dir='ltr'><strong>lanc</strong></span> <span class='ocrx_word' id='word_1_142' title='bbox 183 2902 239 2962; x_wconf 89' lang='lat' dir='ltr'><strong>sibi</strong></span> <span class='ocrx_word' id='word_1_143' title='bbox 261 2901 436 2963; x_wconf 79' lang='lat' dir='ltr'><strong>scribendam</strong></span> <span class='ocrx_word' id='word_1_144' title='bbox 451 2910 623 2982; x_wconf 83' lang='lat' dir='ltr'><strong>proponeret</strong></span> <span class='ocrx_word' id='word_1_145' title='bbox 643 2901 764 2962; x_wconf 82' lang='lat' dir='ltr'><strong>fabulam</strong></span> <span class='ocrx_word' id='word_1_146' title='bbox 770 2948 780 2978; x_wconf 89' lang='lat'><strong>,</strong></span> <span class='ocrx_word' id='word_1_147' title='bbox 803 2921 873 2982; x_wconf 88' lang='lat' dir='ltr'><strong>qua,</strong></span> <span class='ocrx_word' id='word_1_148' title='bbox 896 2903 960 2962; x_wconf 91' lang='lat' dir='ltr'><strong>dum</strong></span> <span class='ocrx_word' id='word_1_149' title='bbox 981 2902 1057 2962; x_wconf 87' lang='lat' dir='ltr'><strong>illius</strong></span> <span class='ocrx_word' id='word_1_150' title='bbox 1078 2902 1135 2964; x_wconf 80' lang='lat' dir='ltr'><strong>vir·</strong></span> 
     </span>
     <span class='ocr_line' id='line_1_20' title="bbox 98 2987 1135 3070; baseline 0.002 -26"><span class='ocrx_word' id='word_1_151' title='bbox 98 2992 168 3046; x_wconf 87' lang='lat' dir='ltr'><strong>tutes</strong></span> <span class='ocrx_word' id='word_1_152' title='bbox 189 2988 418 3059; x_wconf 84' lang='lat' dir='ltr'><strong>celebrarentur,</strong></span> <span class='ocrx_word' id='word_1_153' title='bbox 439 2988 521 3046; x_wconf 72' lang='lat' dir='ltr'><strong>simod</strong></span> <span class='ocrx_word' id='word_1_154' title='bbox 543 2987 639 3061; x_wconf 89' lang='lat' dir='ltr'><strong>buius,</strong></span> <span class='ocrx_word' id='word_1_155' title='bbox 661 2994 717 3047; x_wconf 87' lang='lat' dir='ltr'><strong>tam</strong></span> <span class='ocrx_word' id='word_1_156' title='bbox 739 2988 843 3048; x_wconf 85' lang='lat' dir='ltr'><strong>eximio</strong></span> <span class='ocrx_word' id='word_1_157' title='bbox 865 3007 972 3070; x_wconf 79' lang='lat' dir='ltr'><strong>genere</strong></span> <span class='ocrx_word' id='word_1_158' title='bbox 994 2988 1063 3059; x_wconf 90' lang='lat' dir='ltr'><strong>orti,</strong></span> <span class='ocrx_word' id='word_1_159' title='bbox 1085 3005 1135 3046; x_wconf 87' lang='lat' dir='ltr'><strong>au·</strong></span> 
     </span>
     <span class='ocr_line' id='line_1_21' title="bbox 99 3071 1136 3154; baseline -0.001 -22"><span class='ocrx_word' id='word_1_160' title='bbox 99 3080 210 3150; x_wconf 76' lang='lat' dir='ltr'><strong>geretur</strong></span> <span class='ocrx_word' id='word_1_161' title='bbox 232 3072 342 3154; x_wconf 81' lang='lat' dir='ltr'><strong>gloria,</strong></span> <span class='ocrx_word' id='word_1_162' title='bbox 373 3071 582 3152; x_wconf 85' lang='lat' dir='ltr'><strong>triumphusque</strong></span> <span class='ocrx_word' id='word_1_163' title='bbox 609 3073 656 3132; x_wconf 97' lang='lat' dir='ltr'><strong>ille</strong></span> <span class='ocrx_word' id='word_1_164' title='bbox 676 3073 854 3152; x_wconf 87' lang='lat' dir='ltr'><strong>praeclarus,</strong></span> <span class='ocrx_word' id='word_1_165' title='bbox 889 3074 924 3132; x_wconf 90' lang='lat' dir='ltr'><strong>dc</strong></span> <span class='ocrx_word' id='word_1_166' title='bbox 944 3074 1052 3133; x_wconf 87' lang='lat' dir='ltr'><strong>Perseo</strong></span> <span class='ocrx_word' id='word_1_167' title='bbox 1074 3073 1136 3132; x_wconf 88' lang='lat' dir='ltr'><strong>Ma·</strong></span> 
     </span>
     <span class='ocr_line' id='line_1_22' title="bbox 100 3157 1136 3238; baseline 0.003 -25"><span class='ocrx_word' id='word_1_168' title='bbox 100 3157 304 3236; x_wconf 85' lang='lat' dir='ltr'><strong>cedonibusque</strong></span> <span class='ocrx_word' id='word_1_169' title='bbox 325 3163 420 3228; x_wconf 88' lang='lat' dir='ltr'><strong>actus,</strong></span> <span class='ocrx_word' id='word_1_170' title='bbox 454 3157 483 3216; x_wconf 90' lang='lat' dir='ltr'><strong>in</strong></span> <span class='ocrx_word' id='word_1_171' title='bbox 505 3164 693 3236; x_wconf 88' lang='lat' dir='ltr'><strong>spectatorum</strong></span> <span class='ocrx_word' id='word_1_172' title='bbox 715 3157 815 3216; x_wconf 87' lang='lat' dir='ltr'><strong>animis</strong></span> <span class='ocrx_word' id='word_1_173' title='bbox 837 3157 917 3236; x_wconf 87' lang='lat' dir='ltr'><strong>quasi</strong></span> <span class='ocrx_word' id='word_1_174' title='bbox 938 3157 1039 3218; x_wconf 87' lang='lat' dir='ltr'><strong>iterum</strong></span> <span class='ocrx_word' id='word_1_175' title='bbox 1066 3176 1136 3238; x_wconf 79' lang='lat' dir='ltr'><strong>agc-</strong></span> 
     </span>
     <span class='ocr_line' id='line_1_23' title="bbox 101 3241 1137 3322; baseline 0.003 -24"><span class='ocrx_word' id='word_1_176' title='bbox 101 3249 180 3309; x_wconf 88' lang='lat' dir='ltr'><strong>retur,</strong></span> <span class='ocrx_word' id='word_1_177' title='bbox 225 3243 258 3300; x_wconf 93' lang='lat' dir='ltr'><strong>ld</strong></span> <span class='ocrx_word' id='word_1_178' title='bbox 279 3261 314 3301; x_wconf 88' lang='lat' dir='ltr'><strong>eo</strong></span> <span class='ocrx_word' id='word_1_179' title='bbox 335 3241 513 3302; x_wconf 81' lang='lat' dir='ltr'><strong>verisimilius</strong></span> <span class='ocrx_word' id='word_1_180' title='bbox 536 3249 594 3315; x_wconf 92' lang='lat' dir='ltr'><strong>est,</strong></span> <span class='ocrx_word' id='word_1_181' title='bbox 628 3243 702 3322; x_wconf 87' lang='lat' dir='ltr'><strong>quod</strong></span> <span class='ocrx_word' id='word_1_182' title='bbox 724 3243 809 3302; x_wconf 89' lang='lat' dir='ltr'><strong>etiam</strong></span> <span class='ocrx_word' id='word_1_183' title='bbox 830 3241 925 3314; x_wconf 85' lang='lat' dir='ltr'><strong>Attio,</strong></span> <span class='ocrx_word' id='word_1_184' title='bbox 956 3262 1008 3301; x_wconf 88' lang='lat' dir='ltr'><strong>eur</strong></span> <span class='ocrx_word' id='word_1_185' title='bbox 1028 3242 1065 3302; x_wconf 91' lang='lat' dir='ltr'><strong>L.</strong></span> <span class='ocrx_word' id='word_1_186' title='bbox 1086 3243 1137 3301; x_wconf 82' lang='lat' dir='ltr'><strong>lu·</strong></span> 
     </span>
     <span class='ocr_line' id='line_1_24' title="bbox 100 3325 1137 3406; baseline 0.005 -25"><span class='ocrx_word' id='word_1_187' title='bbox 100 3325 169 3384; x_wconf 87' lang='lat' dir='ltr'><strong>nium</strong></span> <span class='ocrx_word' id='word_1_188' title='bbox 190 3328 309 3386; x_wconf 86' lang='lat' dir='ltr'><strong>Brutum</strong></span> <span class='ocrx_word' id='word_1_189' title='bbox 331 3325 427 3386; x_wconf 86' lang='lat' dir='ltr'><strong>fabula</strong></span> <span class='ocrx_word' id='word_1_190' title='bbox 448 3327 579 3386; x_wconf 87' lang='lat' dir='ltr'><strong>scaenico</strong></span> <span class='ocrx_word' id='word_1_191' title='bbox 601 3327 771 3399; x_wconf 88' lang='lat' dir='ltr'><strong>illustraret,</strong></span> <span class='ocrx_word' id='word_1_192' title='bbox 805 3347 892 3387; x_wconf 89' lang='lat' dir='ltr'><strong>causa</strong></span> <span class='ocrx_word' id='word_1_193' title='bbox 919 3327 1064 3386; x_wconf 72' lang='lat' dir='ltr'><strong>exstitisse</strong></span> <span class='ocrx_word' id='word_1_194' title='bbox 1087 3347 1137 3406; x_wconf 92' lang='lat' dir='ltr'><strong>pu-</strong></span> 
     </span>
    </p>
   </div>
   <div class='ocr_carea' id='block_1_10' title="bbox 101 3410 1138 3554">
    <p class='ocr_par' dir='ltr' id='par_1_10' title="bbox 101 3410 1138 3554">
     <span class='ocr_line' id='line_1_25' title="bbox 102 3410 1138 3491; baseline 0.002 -23"><span class='ocrx_word' id='word_1_195' title='bbox 102 3410 152 3468; x_wconf 84' lang='lat' dir='ltr'><strong>tari</strong></span> <span class='ocrx_word' id='word_1_196' title='bbox 173 3419 269 3491; x_wconf 82' lang='lat' dir='ltr'><strong>potest</strong></span> <span class='ocrx_word' id='word_1_197' title='bbox 289 3411 326 3470; x_wconf 86' lang='grc' dir='ltr'><strong>Ι).</strong></span> <span class='ocrx_word' id='word_1_198' title='bbox 348 3412 469 3482; x_wconf 88' lang='lat' dir='ltr'><strong>Brutus,</strong></span> <span class='ocrx_word' id='word_1_199' title='bbox 497 3431 578 3490; x_wconf 87' lang='lat' dir='ltr'><strong>quem</strong></span> <span class='ocrx_word' id='word_1_200' title='bbox 599 3410 762 3473; x_wconf 81' lang='lat' dir='ltr'><strong>familiarem</strong></span> <span class='ocrx_word' id='word_1_201' title='bbox 786 3419 887 3490; x_wconf 70' lang='lat' dir='ltr'><strong>pottae</strong></span> <span class='ocrx_word' id='word_1_202' title='bbox 907 3410 996 3472; x_wconf 80' lang='lat' dir='ltr'><strong>fuisse</strong></span> <span class='ocrx_word' id='word_1_203' title='bbox 1017 3419 1138 3472; x_wconf 86' lang='lat' dir='ltr'><strong>testatur</strong></span> 
     </span>
     <span class='ocr_line' id='line_1_26' title="bbox 101 3494 452 3554; baseline 0.006 -4"><span class='ocrx_word' id='word_1_204' title='bbox 101 3494 197 3554; x_wconf 81' lang='lat' dir='ltr'><strong>Cicero</strong></span> <span class='ocrx_word' id='word_1_205' title='bbox 219 3498 299 3554; x_wconf 89' lang='lat' dir='ltr'><strong>Brut.</strong></span> <span class='ocrx_word' id='word_1_206' title='bbox 321 3495 452 3553; x_wconf 83' lang='lat' dir='ltr'><strong>xxvnl.</strong></span> 
     </span>
    </p>
   </div>
   <div class='ocr_carea' id='block_1_11' title="bbox 104 3749 1139 3894">
    <p class='ocr_par' dir='ltr' id='par_1_11' title="bbox 104 3749 1139 3894">
     <span class='ocr_line' id='line_1_27' title="bbox 181 3749 1139 3832; baseline 0.004 -25"><span class='ocrx_word' id='word_1_207' title='bbox 181 3749 290 3808; x_wconf 83' lang='lat' dir='ltr'><strong>Nouius</strong></span> <span class='ocrx_word' id='word_1_208' title='bbox 316 3771 343 3829; x_wconf 95' lang='lat' dir='ltr'><strong>p.</strong></span> <span class='ocrx_word' id='word_1_209' title='bbox 357 3755 420 3811; x_wconf 77' lang='grc'><strong>490</strong></span> <span class='ocrx_word' id='word_1_210' title='bbox 447 3751 491 3809; x_wconf 87' lang='lat' dir='ltr'><strong>ed.</strong></span> <span class='ocrx_word' id='word_1_211' title='bbox 518 3751 623 3814; x_wconf 82' lang='lat' dir='ltr'><strong>Marc:</strong></span> <span class='ocrx_word' id='word_1_212' title='bbox 656 3751 866 3832; x_wconf 76' lang='lat' dir='ltr'><strong>„Progenii</strong></span> <span class='ocrx_word' id='word_1_213' title='bbox 898 3771 951 3830; x_wconf 94' lang='lat' dir='ltr'><strong>pro</strong></span> <span class='ocrx_word' id='word_1_214' title='bbox 980 3750 1139 3832; x_wconf 74' lang='lat' dir='ltr'><strong>progeniei.</strong></span> 
     </span>
     <span class='ocr_line' id='line_1_28' title="bbox 104 3831 901 3894; baseline 0.008 -7"><span class='ocrx_word' id='word_1_215' title='bbox 104 3831 239 3894; x_wconf 84' lang='lat' dir='ltr'><strong>Pacuvius</strong></span> <span class='ocrx_word' id='word_1_216' title='bbox 261 3835 291 3892; x_wconf 90' lang='lat' dir='ltr'><strong>in</strong></span> <span class='ocrx_word' id='word_1_217' title='bbox 311 3835 428 3894; x_wconf 86' lang='lat' dir='ltr'><strong>Paullo:</strong></span> <span class='ocrx_word' id='word_1_218' title='bbox 556 3871 560 3882; x_wconf 51' lang='grc' dir='ltr'><strong><em>ι</em></strong></span> <span class='ocrx_word' id='word_1_219' title='bbox 897 3843 901 3852; x_wconf 94' lang='grc'><strong>’</strong></span> 
     </span>
    </p>
   </div>
   <div class='ocr_carea' id='block_1_12' title="bbox 209 3917 1048 4014">
    <p class='ocr_par' dir='ltr' id='par_1_12' title="bbox 209 3917 1048 4014">
     <span class='ocr_line' id='line_1_29' title="bbox 209 3917 1048 4014; baseline 0.002 -26"><span class='ocrx_word' id='word_1_220' title='bbox 209 3917 322 3993; x_wconf 74' lang='lat' dir='ltr'><strong>Pater</strong></span> <span class='ocrx_word' id='word_1_221' title='bbox 347 3942 513 4010; x_wconf 88' lang='lat' dir='ltr'><strong>supreme</strong></span> <span class='ocrx_word' id='word_1_222' title='bbox 539 3919 684 3991; x_wconf 80' lang='lat' dir='ltr'><strong>nostrae</strong></span> <span class='ocrx_word' id='word_1_223' title='bbox 708 3922 873 4014; x_wconf 80' lang='lat' dir='ltr'><strong>progenii</strong></span> <span class='ocrx_word' id='word_1_224' title='bbox 898 3921 1048 4012; x_wconf 87' lang='lat' dir='ltr'><strong>patris.“</strong></span> 
     </span>
    </p>
   </div>
   <div class='ocr_carea' id='block_1_13' title="bbox 6 4017 1140 4100">
    <p class='ocr_par' dir='ltr' id='par_1_13' title="bbox 6 4017 1140 4100">
     <span class='ocr_line' id='line_1_30' title="bbox 6 4017 1140 4100; baseline 0.007 -27"><span class='ocrx_word' id='word_1_225' title='bbox 6 4031 7 4082; x_wconf 50' lang='lat' dir='ltr'><strong>l</strong></span> <span class='ocrx_word' id='word_1_226' title='bbox 107 4017 207 4078; x_wconf 85' lang='lat' dir='ltr'><strong>lladem</strong></span> <span class='ocrx_word' id='word_1_227' title='bbox 227 4020 313 4080; x_wconf 87' lang='lat' dir='ltr'><strong>allatu</strong></span> <span class='ocrx_word' id='word_1_228' title='bbox 333 4021 512 4099; x_wconf 89' lang='lat' dir='ltr'><strong>reperiuntur</strong></span> <span class='ocrx_word' id='word_1_229' title='bbox 534 4042 570 4080; x_wconf 85' lang='lat' dir='ltr'><strong>ex</strong></span> <span class='ocrx_word' id='word_1_230' title='bbox 592 4021 710 4083; x_wconf 85' lang='lat' dir='ltr'><strong>Pacuvii</strong></span> <span class='ocrx_word' id='word_1_231' title='bbox 731 4023 832 4082; x_wconf 87' lang='lat' dir='ltr'><strong>Paullo</strong></span> <span class='ocrx_word' id='word_1_232' title='bbox 854 4023 928 4100; x_wconf 88' lang='lat' dir='ltr'><strong>apud</strong></span> <span class='ocrx_word' id='word_1_233' title='bbox 946 4021 1067 4082; x_wconf 83' lang='lat' dir='ltr'><strong>Gellium</strong></span> <span class='ocrx_word' id='word_1_234' title='bbox 1089 4023 1140 4082; x_wconf 88' lang='lat' dir='ltr'><strong>lX.</strong></span> 
     </span>
    </p>
   </div>
   <div class='ocr_carea' id='block_1_14' title="bbox 6 4097 1144 4304">
    <p class='ocr_par' dir='ltr' id='par_1_14' title="bbox 6 4097 1144 4304">
     <span class='ocr_line' id='line_1_31' title="bbox 6 4097 1141 4192; baseline 0.008 -33"><span class='ocrx_word' id='word_1_235' title='bbox 6 4097 11 4192; x_wconf 59' lang='lat' dir='ltr'><strong>l</strong></span> <span class='ocrx_word' id='word_1_236' title='bbox 109 4109 216 4162; x_wconf 77' lang='lat'><strong>14.-</strong></span> <span class='ocrx_word' id='word_1_237' title='bbox 243 4113 402 4166; x_wconf 88' lang='lat' dir='ltr'><strong>nostrae.</strong></span> <span class='ocrx_word' id='word_1_238' title='bbox 446 4107 668 4190; x_wconf 72' lang='lat' dir='ltr'><strong>los-Scaliger</strong></span> <span class='ocrx_word' id='word_1_239' title='bbox 694 4107 730 4166; x_wconf 94' lang='lat' dir='ltr'><strong>ad</strong></span> <span class='ocrx_word' id='word_1_240' title='bbox 758 4109 838 4168; x_wconf 87' lang='lat' dir='ltr'><strong>Varr.</strong></span> <span class='ocrx_word' id='word_1_241' title='bbox 865 4108 901 4166; x_wconf 93' lang='lat' dir='ltr'><strong>de</strong></span> <span class='ocrx_word' id='word_1_242' title='bbox 921 4107 958 4166; x_wconf 94' lang='lat' dir='ltr'><strong>L.</strong></span> <span class='ocrx_word' id='word_1_243' title='bbox 981 4108 1015 4168; x_wconf 91' lang='lat' dir='ltr'><strong>L.</strong></span> <span class='ocrx_word' id='word_1_244' title='bbox 1045 4107 1090 4166; x_wconf 87' lang='lat' dir='ltr'><strong>Vl.</strong></span> <span class='ocrx_word' id='word_1_245' title='bbox 1112 4130 1141 4187; x_wconf 92' lang='lat' dir='ltr'><strong>p.</strong></span> 
     </span>
     <span class='ocr_line' id='line_1_32' title="bbox 6 4190 1144 4304; baseline 0.006 -59"><span class='ocrx_word' id='word_1_246' title='bbox 6 4223 8 4304; x_wconf 38' lang='lat' dir='ltr'><strong>p</strong></span> <span class='ocrx_word' id='word_1_247' title='bbox 111 4193 146 4247; x_wconf 82' lang='grc'><strong>68</strong></span> <span class='ocrx_word' id='word_1_248' title='bbox 167 4190 210 4249; x_wconf 92' lang='lat' dir='ltr'><strong>ed.</strong></span> <span class='ocrx_word' id='word_1_249' title='bbox 235 4191 404 4250; x_wconf 79' lang='lat' dir='ltr'><strong>Dardreclrt.</strong></span> <span class='ocrx_word' id='word_1_250' title='bbox 434 4211 461 4286; x_wconf 89' lang='lat' dir='ltr'><strong>a.</strong></span> <span class='ocrx_word' id='word_1_251' title='bbox 487 4197 568 4253; x_wconf 83' lang='grc'><strong>1619</strong></span> <span class='ocrx_word' id='word_1_252' title='bbox 591 4193 715 4251; x_wconf 90' lang='lat' dir='ltr'><strong>nostri.</strong></span> <span class='ocrx_word' id='word_1_253' title='bbox 745 4227 787 4237; x_wconf 97' lang='lat'>—</span> <span class='ocrx_word' id='word_1_254' title='bbox 814 4193 877 4270; x_wconf 85' lang='lat' dir='ltr'><strong>lpse</strong></span> <span class='ocrx_word' id='word_1_255' title='bbox 897 4191 1014 4252; x_wconf 91' lang='lat' dir='ltr'><strong>Paullus</strong></span> <span class='ocrx_word' id='word_1_256' title='bbox 1036 4192 1079 4256; x_wconf 89' lang='lat' dir='ltr'><strong>bis</strong></span> <span class='ocrx_word' id='word_1_257' title='bbox 1101 4194 1144 4252; x_wconf 68' lang='lat' dir='ltr'><strong>als</strong></span> 
     </span>
    </p>
   </div>
   <div class='ocr_carea' id='block_1_15' title="bbox 0 0 1410 4968">
    <p class='ocr_par' dir='ltr' id='par_1_15' title="bbox 0 0 1410 4968">
     <span class='ocr_line' id='line_1_33' title="bbox 0 0 1410 4968; baseline 0 0"><span class='ocrx_word' id='word_1_258' title='bbox 0 0 1410 4968; x_wconf 95' lang='lat' dir='ltr'><strong> </strong></span> 
     </span>
    </p>
   </div>
  </div>
 </body>
</html>
