2824 4966
407 1085 854 1162 nncrunrs
980 1029 1017 1048 '⁸

111 1401 301 1531 Quatuor
325 1445 409 1510 unte
434 1437 491 1512 his
517 1442 621 1512 anuis
646 1438 802 1536 Dor-pati
835 1443 881 1512 ab
908 1435 1046 1512 Ordine
1071 1435 1148 1530 phi·

109 1542 297 1636 losophico
322 1541 463 1614 civibus
476 1541 720 1634 Academicis,
748 1546 842 1614 inter
855 1565 946 1636 qnos
963 1540 1150 1626 versabar,

110 1645 156 1714 de
182 1644 343 1736 praemio
370 1645 560 1716 certaturis
592 1645 778 1737 proposita
803 1656 881 1716 erat
913 1642 1077 1738 quaestio
1104 1641 1149 1710 de

109 1745 236 1817 fabula
261 1753 385 1838 togata
410 1743 659 1818 Romanorum
685 1770 728 1818 ac
753 1749 799 1818 dc
825 1746 871 1820 L.
893 1743 1062 1832 Afranio,
1088 1763 1150 1813 cu·

6 1909 7 1920 ,
110 1848 167 1918 ins
192 1846 427 1940 reliquiarum
452 1848 782 1942 praestantissimae
795 1847 905 1920 simul
919 1849 1149 1918 adderentur.

6 1941 8 2032 ῗ
111 1947 204 2020 Rem
231 1971 427 2042 aggressus
453 1949 613 2042 absolri3
639 1951 911 2044 indicatumque
936 1959 1150 2040 praecepto·

6 2095 8 2142 ,
109 2073 171 2121 res
197 2051 244 2120 de
270 2050 435 2146 discipuli
459 2051 587 2122 labore
618 2060 692 2122 tam
719 2053 892 2143 benigue,
925 2060 965 2122 nt
998 2068 1150 2140 opuscu-

110 2154 186 2224 lum
212 2173 332 2223 meum
360 2150 506 2244 publica
530 2153 614 2223 lnce
645 2175 718 2222 non
744 2153 929 2244 indignum
955 2172 1037 2220 esse
1068 2169 1151 2239 pro·

111 2252 330 2325 nuntiarent
389 2251 533 2324 Edendi
557 2275 704 2344 operam
730 2261 963 2344 suscepturus
991 2258 1069 2320 erut
1093 2247 1151 2319 Io.

112 2353 257 2425 Valent.
283 2353 506 2442 Pranckins,
532 2355 594 2448 qni
620 2356 728 2426 etiam
754 2357 800 2424 de
826 2354 915 2424 loeis
940 2352 1154 2445 quibusdam

111 2457 287 2526 nonnulla
312 2479 453 2526 meeum
479 2457 768 2542 communicavit,
794 2457 923 2548 quibus
949 2477 1037 2524 nsns
1055 2475 1153 2524 snm.

112 2559 251 2650 Aliquo
276 2567 438 2648 tempore
464 2567 567 2649 post,
601 2559 722 2629 libello
749 2580 830 2627 meo
856 2559 1014 2628 nondum
1043 2554 1153 2638 edito,

114 2661 182 2729 iter
214 2660 251 2728 iu
274 2655 509 2730 Germaniam
542 2659 697 2750 suscepi.
758 2658 827 2729 Hic
854 2679 989 2749 paucos
1015 2662 1153 2724 tantum

113 2783 259 2832 menses
291 2769 458 2830 versatus
491 2782 609 2850 cram,
643 2783 752 2854 quum
785 2759 897 2830 tristis
929 2757 1075 2828 nuntius
1108 2754 1154 2824 de

113 2870 231 2933 morte
256 2861 502 2952 praeceptoris
525 2863 701 2932 carissimi
727 2861 773 2930 ad
787 2885 845 2931 me
858 2859 1032 2952 pervenit.
1075 2855 1156 2927 Ita·

115 2987 186 3056 qnc
212 2963 259 3032 ad
285 2985 342 3032 me
368 2964 523 3054 perferri
538 2963 628 3034 iussi
641 2963 870 3053 scriptionem
888 2983 1025 3051 meam3
1049 2977 1157 3052 quam

116 3065 262 3135 taudem
294 3065 330 3134 in
356 3066 436 3156 ipso
462 3063 533 3134 fiue
560 3065 644 3134 anni
676 3061 860 3156 praeteriti
889 3061 1025 3152 accepi.
1075 3059 1157 3131 Iam

115 3169 222 3258 plura
255 3167 293 3234 in
320 3167 409 3252 iliis,
436 3187 533 3260 quae
559 3167 819 3251 disserueram,
853 3165 914 3234 vel
945 3160 1159 3254 corrigenda

116 3269 179 3337 vel
203 3269 249 3338 dc
275 3265 417 3359 integro
445 3269 636 3338 scribenda
663 3266 750 3337 mihi
774 3267 1009 3354 videbantur3
1047 3274 1158 3355 utque

6 3447 7 3450 Ἴ
116 3368 314 3461 perfectior
339 3379 435 3440 esset
460 3369 726 3456 commentatio,
752 3389 824 3438 non
850 3377 987 3438 tautum
1012 3363 1160 3436 Afranii

115 3470 289 3562 reliquias
316 3492 454 3556 omues,
480 3472 544 3541 sed
571 3479 796 3541 caeterorum
823 3470 1158 3562 quoqdetragmen·

6 3569 8 3620 t
116 3580 168 3661 ta,
195 3593 289 3662 quae
316 3587 364 3642 cx
389 3573 522 3664 togatis
549 3573 660 3662 petita
685 3579 831 3659 essent,
845 3571 1051 3662 colligenda
1076 3588 1158 3639 esse

119 3674 390 3760 existimabam,
431 3674 736 3765 exponendoque,
777 3694 871 3764 quoe
907 3673 1041 3762 exponi
1075 3689 1158 3760 pos·

119 3781 218 3862 sent,
253 3776 361 3844 ctiam
395 3775 440 3844 de
467 3777 511 3846 iis
536 3776 673 3867 poetis,
709 3775 769 3866 qni
795 3783 939 3866 practer
963 3771 1158 3844 Afranium

118 3877 255 3967 togatis
292 3876 518 3967 potissimum
557 3877 756 3948 scribendis
792 3899 937 3968 operam
972 3875 1158 3957 dederunt,
1218 3887 1222 3892 ·
1301 3891 1304 3896 ·

6 4019 8 4040 f
118 3975 260 4047 Titinio
295 3985 331 4046 ct
363 3977 466 4053 Atta.
533 3977 641 4055 (tuse
677 3980 723 4049 dc
755 3978 960 4050 discrimine
992 3974 1091 4046 mimi
1124 3978 1161 4043 ot
1191 4059 1193 4066 y
1345 3975 1347 3982 '

6 4133 8 4150 ,
116 4078 348 4170 planipedinc
374 4077 433 4150 hic
459 4079 691 4167 exhibentur,
719 4102 782 4168 en,
814 4079 979 4173 quamvis
1005 4078 1053 4148 nd
1079 4096 1159 4146 cae-

117 4186 201 4250 tere
226 4180 448 4272 pertincant,
474 4182 697 4270 omis'nsem,
723 4181 796 4254 nisi
821 4181 994 4254 nonnulla
1020 4201 1158 4262 eornm,
