2774 4972
272 527 462 694 &dictu
488 524 671 606 proferebant
697 526 923 588 declinationem.
973 525 1109 588 Afranio
1135 526 1165 586 iu
1186 527 1304 590 Fnuuci·

323 697 489 770 Sollicito
516 699 627 767 corde
652 697 784 788 corpus
811 720 884 767 non
909 688 1045 787 potitrir
1070 655 1197 788 quie.“
1235 658 1242 672 Β
1273 665 1276 672 ‚

273 817 414 898 potitur
435 814 524 894 quie.
558 813 640 874 Libri
662 815 804 893 potitur
824 833 916 874 nnnc
936 815 1028 892 quie.
1062 815 1195 872 llotbinr:
1222 815 1305 883 „Sen-

272 900 362 961 tentia
383 920 439 958 uon
463 899 580 978 requirit
599 919 707 970 nuuc,
729 900 837 978 respuit
851 919 950 960 versus
972 899 1120 958 iambicus:
1144 917 1230 976 quare
1246 918 1304 976 sup-

271 984 424 1066 posititium
456 1004 519 1042 csse
550 984 681 1042 arbitror.
691 988 711 1018 “
765 985 902 1063 inprimis
935 984 998 1042 ideo
1030 985 1194 1044 vocabulum
1225 1001 1304 1040 nunc

273 1071 420 1130 delendum
434 1087 552 1143 censeo,
574 1069 648 1148 quod
659 1088 693 1128 co
707 1075 850 1148 expuncto
863 1069 1005 1128 sententia
1017 1069 1163 1150 generalis
1179 1062 1303 1126 nascitur.

577 1235 580 1242 l
618 1237 620 1246 r
736 1245 740 1254 ³
974 1235 1071 1262 ιΙἸιῙ,
1113 1221 1117 1233 i
1230 1235 1233 1248 Ι

740 1231 849 1296 XXlll.
937 1265 940 1272 ¹
982 1299 986 1306 ,

892 1308 897 1321 r

268 1412 271 1416 .
343 1356 459 1418 'rous
484 1356 721 1426 altomuro,
750 1355 865 1436 llrngm.
893 1377 920 1434 p.
939 1361 979 1420 4³
994 1341 1052 1428 [ed.
1075 1355 1194 1419 Danaa:
1216 1354 1305 1427 ..llo

272 1441 533 1512 nearc‚·rodire;
561 1447 594 1498 ot
614 1460 826 1510 commeare,
849 1440 923 1500 ultro
945 1441 1111 1512 citroire3,
1129 1440 1204 1510 unde
1225 1458 1304 1500 com·

271 1533 408 1588 meatus
436 1524 515 1586 dari
542 1525 666 1594 dicitur,¹
692 1525 809 1594 idest,
836 1534 959 1603 tempus,
987 1542 1043 1602 qno
1067 1522 1136 1604 (qno
1156 1520 1305 1604 ,quirilirc

272 1612 422 1688 redircquc
442 1611 563 1688 possit..
590 1609 776 1684 Afranius.in
797 1609 995 1690 Emancipato:
1162 1661 1165 1666 .
1273 1663 1289 1673 ,,

295 1735 298 1746 ’
321 1703 451 1782 Vetuit
476 1733 534 1780 me
555 1711 638 1780 'rinc
662 1713 829 1780 mercede
855 1733 1003 1800 prosum
1021 1701 1197 1780 samius·

321 1803 504 1884 Rerrrcdre
528 1813 565 1881 in
590 1813 762 1882 ludum.·‘
785 1853 837 1864 -

268 1931 421 1991 Paccius
448 1929 510 1988 Jos'.
539 1929 685 2011 Scaliger,
717 1927 834 1988 Fulvius
854 1921 990 2000 Ursinus,
1019 1918 1148 1988 llotbius.
1192 1925 1303 2010 Legitur

270 2016 432 2098 paucius.
470 2016 568 2094 Steph.
599 2014 733 2094 paucis.
777 2015 857 2072 Fulr.
879 2015 999 2072 Ursinus
1021 2021 1135 2092 praeter
1156 2013 1303 2074 Paccius

272 2101 357 2162 etium
376 2099 535 2158 Paucius
556 2099 690 2179 proponit
712 2119 773 2158 cum
787 2099 926 2157 Turnebo
948 2100 1066 2159 Advers.
1079 2100 1159 2158 Xlll.
1178 2105 1226 2160 25.
1255 2099 1304 2156 Fu-

271 2185 317 2269 git
338 2204 397 2256 me,
426 2204 490 2243 num
512 2184 579 2243 alibi
601 2201 711 2262 quoque
732 2184 808 2241 istud
827 2203 928 2242 nomen
951 2183 1117 2263 reperiatur.
1161 2183 1303 2243 Paccius

271 2290 291 2331 a
311 2269 453 2330 Cicerone
470 2269 561 2348 Epist.
584 2270 620 2328 ad
641 2270 700 2327 Au.
715 2269 762 2327 lV.
781 2276 820 2330 16
848 2268 967 2347 aliisque
994 2277 1234 2330 commemoratur.
1265 2265 1302 2325 cf.

270 2355 451 2414 Weichertns
479 2353 514 2412 de
544 2355 576 2412 C.
599 2354 701 2434 Valgia
723 2353 799 2412 Rufo
822 2375 849 2432 p.
867 2360 916 2413 28.
947 2387 989 2398 -
1020 2353 1184 2427 Prosum,
1214 2354 1302 2433 plane:

270 2437 402 2511 ludum,
430 2437 524 2497 ludum
546 2439 728 2509 litterarium,
757 2445 791 2497 ut
811 2437 931 2498 videtur.
1033 2512 1036 2520 ,

708 2605 710 2617 ¹
736 2589 843 2648 xxiv.

355 2709 459 2768 Festus
480 2728 507 2769 r.
530 2687 724 2778 Oratores.
742 2709 858 2788 Fragm.
880 2729 908 2786 p.
926 2713 964 2769 16
987 2709 1031 2766 ed.
1047 2703 1175 2767 'liccem
1204 2709 1299 2784 „bru-

271 2801 374 2855 torcs
395 2814 446 2872 pro
469 2789 707 2871 deprecatoribus
729 2825 771 2836 —-
793 2792 927 2851 Afranius
949 2791 976 2850 in
1000 2793 1198 2872 Emancipato:

321 2880 683 2950 ..si....tum
710 2879 863 2970 siquod
890 2879 1187 2949 oritnr....“

272 2979 404 3061 Scaliger
425 2979 561 3060 corrigit:
590 2978 724 3058 siquid
747 2986 871 3064 orator
992 3023 1000 3037 .
1022 3021 1030 3038 .
1054 3022 1061 3038 .
1096 2981 1182 3038 ltem

271 3064 413 3128 Pauciora
433 3071 514 3138 sunt,
543 3067 625 3142 quam
646 3083 719 3143 quac
740 3062 921 3148 probabiliter
942 3065 1050 3147 expleri
1069 3065 1190 3156 possint.
1237 3100 1241 3107 .

357 3232 471 3300 Summa
482 3231 564 3292 buius
581 3229 694 3291 fabulae
709 3235 788 3311 patet
809 3253 847 3291 ex
868 3230 1050 3310 inscriptione
1071 3239 1101 3290 et
1121 3254 1160 3291 ex
1180 3229 1297 3314 frngmm.

271 3305 492 3377 1.x111.XV1.
542 3316 595 3376 Lis
622 3324 685 3375 erat
706 3323 808 3376 exorta
830 3317 904 3375 inter
924 3323 1030 3396 patrem
1052 3315 1195 3397 filiumque
1216 3336 1297 3376 eman·

271 3402 392 3482 cipatum
413 3402 449 3461 de
470 3401 577 3480 puella,
606 3421 688 3480 quam
708 3401 783 3460 lilius
804 3401 1057 3460 in'matrimonium
1079 3403 1203 3462 duceret.
1244 3401 1297 3458 fluo

271 3490 414 3568 pertinent
436 3486 618 3552 Quinctilium
638 3488 726 3548 verba
747 3486 883 3546 institott.
906 3493 977 3545 orat
1000 3487 1050 3546 Xl.
1075 3496 1102 3546 1.
1119 3489 1181 3548 θῦε·
1206 3487 1296 3558 „lnter

263 3580 366 3652 patres
387 3571 471 3631 etiam
491 3569 635 3648 filiosque,
662 3592 744 3650 quum
767 3571 966 3631 intervenisset
988 3572 1186 3652 emancipatio,
1212 3570 1296 3649 litigo

271 3664 329 3716 tum
357 3656 452 3715 scio.“
503 3656 556 3731 Ad,
574 3674 655 3733 quem
682 3657 773 3714 locum
804 3656 972 3733 interpretes
1004 3657 1171 3715 mentionem
1200 3654 1296 3714 faciunt

271 3741 382 3800 Afranii
409 3759 519 3812 eorum,
554 3758 625 3817 quac
652 3741 741 3818 primo
770 3741 833 3798 loco
862 3741 1014 3818 posuimus.
1063 3742 1094 3798 ln
1117 3741 1199 3800 simili
1217 3738 1295 3819 igitur

213 3833 216 3840 '
272 3831 440 3906 argumento
461 3830 576 3885 versata
601 3824 713 3884 videtur
733 3826 803 3884 hacc
830 3832 946 3904 togata,
976 3844 1009 3882 ac
1037 3825 1183 3884 Menandri
1208 3823 1295 3900 Προ-

272 3910 449 3990 εγκαλῶν,
476 3909 551 3968 undo
573 3910 716 3969 Stobacus
738 3908 839 3990 Eclog.
861 3909 924 3968 Tit.
940 3916 990 3970 76.
1014 3918 1033 3971 8
1061 3910 1104 3969 ed.
1127 3907 1214 3970 Gaisl.
1234 3908 1294 3965 baec

270 3995 418 4154 hillidio
437 4072 474 4138 τὸ
494 4073 644 4180 γενέσθαι
657 4073 775 4160 πατέρα
796 4075 913 4138 παίδων
934 4065 971 4156 ἦν
992 4070 1101 4138 κακόν·

313 4157 427 4242 Arion,
458 4165 571 4244 φοβος,
598 4159 737 4245 φροντίς,
765 4159 860 4247 πέρας
880 4161 961 4224 ἐστὶν
982 4158 1054 4224 oc’dd
1074 4159 1141 4224 ib.“
