2774 4972
1054 351 1127 430 1⁷1

94 518 216 592 micum
248 519 454 594 Euanthius
492 524 530 594 in
563 523 862 594 commentatione
897 525 943 595 de
973 523 1126 615 Fabula,

93 620 173 692 illud
204 629 329 695 tamen
353 625 527 716 imprimis
559 627 597 696 in
630 647 674 695 eo
707 626 993 717 reprehendens,
1029 632 1126 721 quod

93 723 264 796 interdum
291 727 328 796 in
354 729 580 819 tragoediam
608 728 839 800 transiluerit.
878 729 990 820 Apud
1010 729 1125 807 uuic-

92 824 270 896 ctilianum
304 831 350 897 de
384 851 429 900 eo
456 829 546 900 haec
573 829 727 920 legimns
758 828 930 900 Instituit.
962 841 1052 902 orat.
1075 829 1124 904 X.

94 923 122 994 1.
143 928 232 999 10οι
276 979 301 1015 „
310 929 466 1022 Tagetis
499 931 647 1002 excellit
687 931 882 1018 Afranius,
918 934 1126 1024 utinamque

90 1047 156 1095 non
178 1030 406 1121 inquinasset
431 1044 643 1125 argumenta
668 1054 862 1123 pneromm
885 1033 1006 1104 foedis
1026 1057 1125 1106 amo·

90 1129 194 1216 ribus,
220 1153 345 1202 mores
371 1155 458 1205 snos
482 1135 649 1206 lassus.“
686 1133 724 1203 A
749 1157 820 1226 qno
846 1157 919 1206 non
945 1137 1125 1228 discrepat

90 1229 272 1305 Ausonius
299 1233 520 1327 Epigramm.
543 1233 708 1306 LXXL:

133 1345 316 1434 „Praeter
340 1353 491 1446 legitimi
516 1356 689 1446 genitalia
713 1353 866 1425 foedera
891 1362 1017 1426 coetus

132 1445 287 1542 Reperit
313 1456 488 1526 obscenas
513 1456 678 1528 Veneres
704 1457 836 1526 vitiosa
861 1457 983 1542 libido,

133 1549 305 1626 Herculis
330 1555 457 1627 heredi
482 1579 591 1649 quam
614 1557 768 1628 Lemnia
793 1560 908 1628 suasit
933 1565 1089 1651 egestae,

134 1649 258 1730 Quam
284 1665 373 1750 loga
396 1660 546 1730 facundi
571 1660 713 1730 scaenis
738 1660 890 1752 agitavit
913 1659 1086 1730 At'rani.“

91 1765 225 1844 Quibus
253 1797 304 1846 ex
329 1777 542 1848 testimoniis
559 1779 647 1848 satis
664 1778 792 1864 elucet,
819 1779 981 1872 quamvis
1003 1800 1123 1849 mores

93 1870 171 1958 eius,
197 1895 292 1966 quos
312 1879 350 1946 in
373 1879 508 1950 fabulis
529 1901 670 1972 quoquc
689 1882 870 1970 proderet,
896 1881 1123 1970 vituperandi

92 1982 220 2064 essent,
265 2001 437 2072 magnum
477 1980 608 2072 politae
656 1981 752 2071 apud
798 1982 963 2074 antiquos
1007 1982 1122 2051 fuisse

24 2154 34 2179 ο
91 2092 229 2167 nomen3
256 2103 350 2174 quae
373 2104 434 2152 res
452 2085 560 2153 etiam
575 2106 618 2152 eo
634 2081 875 2169 confirmatur,
902 2083 999 2175 quod
1015 2105 1121 2151 nemo

91 2181 244 2251 veterum
272 2183 504 2272 comicorum,
531 2184 692 2276 exceptis
713 2181 846 2254 Plauto
862 2179 1121 2277 Terentioque,

92 2280 221 2364 quoties
249 2283 324 2372 ille,
352 2309 374 2354 a
400 2287 644 2378 grammaticis
669 2286 847 2356 laudatur.
888 2285 1123 2377 Quapropter

93 2373 198 2452 lanus
226 2383 445 2479 Rutgersius
476 2387 620 2460 Variar.
644 2387 724 2458 leot.
747 2384 816 2458 lv.
842 2387 906 2473 19,
942 2381 1031 2458 Ger.
1058 2385 1119 2457 Jo.

92 2471 236 2556 Vossius
259 2490 305 2558 (lc
327 2486 434 2560 Poe't.
456 2489 539 2560 Lat.
567 2513 601 2582 p.
618 2491 666 2562 13
694 2495 730 2560 et
754 2488 926 2559 Instituit.
952 2488 1048 2579 poet.
1065 2487 1119 2558 Il.

17 2665 21 2680 Ι
93 2575 192 2653 23.8
234 2590 369 2682 aliique
405 2590 563 2662 Vulcatii
605 2591 761 2684 Sedigiti
809 2591 981 2660 iudicium
1023 2591 1120 2680 apud

94 2673 241 2760 Gellium
257 2690 344 2764 XV.
362 2693 423 2780 24,
449 2694 544 2788 quod
571 2696 617 2764 de
642 2697 767 2764 decem
794 2693 940 2762 comicis
965 2691 1057 2778 tulit,
1083 2691 1121 2760 in

17 2785 18 2802 ¹
94 2785 210 2870 quibus
244 2793 421 2866 Afranius
454 2817 499 2865 nc
530 2796 736 2866 nominatur
760 2795 923 2886 quidem,
958 2793 1120 2883 putidum

93 2890 186 2976 atque
200 2893 377 2967 insulsum
394 2898 574 2969 dixerunt.
605 2897 658 2968 At
675 2897 802 2967 merito
816 2895 972 2966 Bothius
987 2902 1119 2981 monet,

95 2985 299 3066 avolando
334 2999 425 3068 tales
464 3005 602 3070 tantum
633 2998 816 3070 recenseri
850 2997 1025 3084 comicos,
1060 2997 1120 3089 qui

93 3095 246 3181 Proprias
281 3101 508 3189 comoedias,
549 3103 585 3172 id
619 3109 691 3188 est,
729 3096 864 3172 Graeci
905 3100 1120 3192 argumenti,

95 3201 359 3285 composuerint.
411 3201 505 3272 Nam
536 3204 745 3272 comoediae
773 3203 963 3292 palliatae,
988 3208 1028 3270 ut
1052 3223 1120 3270 suo

93 3283 163 3362 ¹⁰0⁰
194 3321 216 3368 a
244 3304 349 3373 nobis
378 3306 582 3395 expositum
603 3312 675 3392 cst,
714 3306 792 3375 fere
821 3303 1029 3393 simpliciter
1054 3324 1121 3372 cu·

95 3400 289 3474 moediae
326 3406 556 3494 dicebantur,
590 3407 801 3477 comoediae
828 3412 973 3498 togatae
1000 3409 1126 3472 contra

95 3493 281 3586 togatae.
325 3505 453 3601 Neque
479 3509 591 3600 igitur
616 3509 725 3578 etiam
750 3505 934 3578 Schoellio
960 3503 1123 3576 Histoire

97 3593 236 3692 ahrsgse
266 3607 311 3677 de
339 3610 376 3678 la
397 3611 462 3680 litt.
485 3609 592 3680 Rom.
616 3608 665 3680 Τ.
686 3607 718 3680 Ι.
750 3631 785 3702 p.
813 3609 886 3681 139
919 3608 958 3676 in
979 3627 1124 3674 enume-

96 3701 205 3774 raudis
226 3709 353 3780 decem
368 3711 439 3781 illis
463 3713 610 3782 comicis
627 3733 722 3780 nono
736 3713 817 3781 loeo
833 3733 897 3801 pro
923 3707 1123 3778 Luscius
1147 3772 1153 3783 .

15 3852 16 3915 Ξ
98 3799 309 3880 scrilneudum
327 3821 408 3882 erat
433 3812 604 3884 Lucius
630 3813 866 3885 Afranius,

184 3940 498 4020 Quemadmodum
520 3949 665 4018 omnino
686 3947 818 4039 politae
831 3944 989 4016 Romani
1004 3937 1120 4013 Grae·

100 4049 151 4103 θῦε
174 4040 304 4116 imitari
330 4050 508 4136 solebant,
534 4051 590 4120 sio
611 4051 718 4120 etiarn
741 4049 931 4133 Afranius,
957 4045 1123 4137 quamvis

98 4122 327 4222 Romanunm
348 4172 469 4222 mores
483 4153 520 4222 in
534 4173 667 4223 scaena
681 4155 981 4247 repraesentaret,
1002 4142 1120 4218 Grae·
1145 4151 1150 4162 '
