2824 4966
113 543 329 619 suntme
364 541 486 624 Quod·
512 547 634 612 autem
664 539 712 610 ad
738 537 989 612 'definitionem
1018 537 1158 631 attinet,

5 651 6 730 j
113 669 140 718 a
171 645 322 719 Donato
358 647 405 716 de
438 641 646 737 planipedis
678 642 787 714 nobis
820 639 1009 731 traditan,
1050 643 1160 716 simili

5 767 7 824 t
111 751 226 822 modo
244 749 347 820 ndmi
362 747 580 819 deliniuntur
595 747 642 816 ab
658 742 860 830 Euanthia,
879 744 941 838 qui
957 743 1157 843 nnottffip

111 891 138 940 ,ς
146 847 301 940 illimes,
334 851 383 920 ab
407 850 579 920 diuturna
602 846 802 919 imitatione
826 845 951 918 viliam
974 867 1097 918 rernm
1123 853 1162 918 et

111 953 251 1024 bviam
283 972 535 1045 personarum.
544 957 568 996 ‘⁶
606 947 756 1042 Neque
787 949 967 1041 discrepat
1000 949 1038 1020 in
1072 948 1161 1020 defo·

111 1055 257 1126 niendis
273 1054 396 1125 mimis
414 1051 460 1124 ab
480 1050 897 1138 nomenniomen,
923 1051 1027 1122 ouius
1045 1053 1162 1122 verba

111 1167 229 1248 supra
251 1157 456 1241 attulimus,
480 1173 592 1248 qnam
610 1154 715 1240 dicit,
741 1153 890 1222 mimum
916 1173 997 1224 esse
1023 1175 1160 1224 sermo·

110 1259 173 1330 n&
204 1257 396 1330 cuiuslibet
427 1263 565 1328 motum
585 1255 668 1327 sinc
700 1254 923 1342 maerentia,
957 1255 1019 1324 vel
1041 1255 1166 1328 taso·

110 1381 216 1448 rum,
242 1367 280 1430 et
301 1359 479 1452 turpiam,
513 1379 596 1430 omn
619 1357 772 1428 lascivia
796 1355 1050 1446 imitationem
1091 1377 1161 1430 nco

109 1462 184 1534 Jo:
212 1461 358 1552 Lydus,
390 1462 572 1532 scribensr
610 1454 796 1551 „Montani
820 1497 873 1514 --
896 1453 1067 1551 τεχνικὸν
1089 1453 1161 1553 μὲν

110 1562 254 1658 ἔχουσα
285 1557 399 1634 οὐδὲν
430 1554 549 1659 λόγῳ,
581 1555 701 1654 μόνον
731 1555 776 1642 τὸ
801 1559 944 1653 πλῆθος
968 1554 1161 1660 ἐπάγουσα

109 1660 294 1766 γέλωτι.“
352 1663 433 1734 Iam
459 1663 573 1755 igitur·-
593 1663 684 1732 nihil
707 1663 826 1734 minus
851 1669 1012 1752 constat,
1051 1685 1160 1758 quam

111 1765 348 1862 planipedem
371 1767 482 1837 mimo
506 1765 623 1836 tuisne
647 1763 826 1836 viliorem.

216 1913 376 1994 Prorsus
401 1917 583 1999 conneria
607 1915 767 2006 rationo,
803 1923 844 1988 ut
875 1915 948 1988 iam
981 1917 1159 2012 significa·

109 2019 254 2109 vimus,
290 2021 482 2114 Ziegleras
515 2021 705 2090 mimorum
732 2027 768 2090 et
793 2019 1082 2111 planipediarum
1107 2022 1159 2094 di·

5 2133 6 2136 ’
109 2123 270 2203 sarimen
301 2123 448 2194 indicat.
506 2119 578 2194 Hic
604 2121 699 2192 enim
724 2119 995 2218 arbitratae),
1022 2125 1067 2196 ab
1093 2123 1160 2196 ini.
1291 2137 1297 2153 ·

110 2225 169 2299 tio
194 2226 323 2306 mimos
347 2219 533 2295 Romanos
559 2223 753 2294 sanniones
779 2227 918 2292 tantum
940 2223 1074 2314 friusa,
1099 2211 1162 2319 qui

112 2350 201 2415 curn
222 2325 499 2422 gesticulatione
532 2324 802 2396 vehementiore
828 2324 1006 2416 quaedam
1038 2350 1059 2396 e
1085 2318 1161 2400 me·

111 2429 177 2524 dio
198 2438 360 2522 sumpta,
385 2426 580 2521 praecipue
597 2426 754 2514 lasciva,
780 2425 1016 2516 imitarentur,
1042 2429 1161 2502 iocos·

111 2555 185 2626 qne
218 2554 291 2601 uon
316 2530 598 2623 praemeditatos
623 2529 836 2618 inriderent3
871 2530 1006 2600 sensim
1040 2539 1170 2612 tamen,

110 2635 151 2704 in
177 2655 349 2704 scaenam
381 2630 607 2702 introductos
633 2653 735 2718 esse,
768 2638 809 2700 ut
832 2632 943 2703 modo
969 2633 1161 2724 gesticula-

111 2737 215 2807 tione
241 2735 438 2804 comoedos
464 2732 695 2820 ndiuvarent,
730 2733 839 2804 modo
865 2755 931 2824 per
954 2733 1163 2808 fabularum

109 2835 309 2932 intervalla
340 2835 411 2908 soli
443 2835 578 2928 aliquid
612 2857 761 2904 suarum
785 2834 1006 2906 locationum
1038 2837 1077 2906 in
1103 2860 1160 2908 or·

111 2938 260 3010 chestra
288 2944 462 3032 agerent,
499 2959 543 3006 ac
579 2941 664 3007 tunc
700 2938 845 3006 demum
876 2937 1162 3028 praestantiores

112 3063 244 3112 eorum
269 3035 403 3110 Latino
436 3038 582 3108 nomine
613 3037 825 3130 planipedes
849 3039 978 3110 vocari
1012 3048 1161 3134 coeptos

113 3165 219 3229 esee,
244 3140 374 3212 latiore
382 3139 585 3231 mimorum
601 3140 746 3210 nomine
761 3145 844 3209 'non
862 3143 1018 3212 sublato.
1054 3139 1161 3214 Hanc

112 3239 278 3338 Ziegleri
311 3241 517 3336 opinionem
552 3264 600 3312 ex
631 3241 751 3334 aliqua
784 3248 886 3332 parte
908 3245 1039 3335 probat
1062 3241 1161 3315 Reu-

111 3343 335 3440 venstusw).
387 3343 500 3424 Quod
524 3343 675 3414 adrem
698 3351 860 3414 nostram
883 3344 1057 3436 pertinet,
1089 3347 1161 3440 pri·

110 3471 216 3518 mum
249 3446 338 3516 illud
364 3447 460 3518 falso
494 3445 664 3516 statuitur
696 3468 720 3514 a
744 3443 933 3539 Zieglero‚
969 3447 1162 3522 mimorum

111 3561 249 3620 nomen
271 3556 355 3618 ante
377 3548 474 3640 apud
492 3543 679 3619 Romanos
698 3555 911 3640 usurpatum
930 3572 1030 3638 esse,
1054 3573 1163 3646 quum

204 3763 259 3846 28)
288 3767 330 3827 dc
351 3765 498 3826 Fabula.
548 3763 643 3848 Vulgo
665 3767 706 3826 dc
726 3766 943 3849 Tragoedia
967 3775 1001 3830 et
1022 3769 1164 3832 Comoe-

5 3901 6 3904 ,
113 3849 188 3912 dia.
237 3851 290 3910 De
326 3849 461 3911 Fabula
497 3850 631 3910 Ennuthii
660 3852 967 3914 commentatiunculam
999 3849 1163 3934 inscriptam

5 3939 6 3950 ¹
112 3936 223 4006 masc,
246 3955 284 3995 ex
297 3933 402 3994 Rufino
423 3941 556 4015 apparet,
578 3957 607 4016 p.
621 3941 703 3998 2705
719 3957 765 4017 ap.
782 3935 898 3998 Potach.
941 3937 986 3998 Cf.
1001 3939 1162 4023 Goddng.

5 4039 6 4044 ¹
113 4021 266 4081 Benedict.
288 4018 425 4080 Wolffiur
449 4021 486 4079 da
507 4023 591 4080 Cant
617 4019 646 4080 in
668 4023 750 4081 llon.
778 4021 835 4082 inlr.
858 4043 934 4083 scen
957 4025 1058 4101 p.15;
1088 4025 1164 4088 Lud.

116 4108 290 4185 Schopennr
311 4105 342 4164 in
352 4106 427 4164 Mur.
449 4105 541 4165 Rhea.
562 4106 637 4167 ΤΛ.
659 4128 687 4186 p.
704 4113 775 4169 151.
797 4140 840 4153 -
863 4105 917 4189 29)
939 4107 1163 4173 totinkon.

114 4213 148 4274 p.
163 4199 194 4263 e,
216 4197 248 4266 s,
272 4197 322 4263 11,
345 4197 396 4262 n,
420 4195 470 4254 ts.
495 4223 538 4238 -
566 4187 621 4273 ao)
642 4192 799 4254 anunm
818 4191 874 4254 aa
895 4199 1050 4278 noan.
