2824 4966
279 334 337 408 (tn

173 508 185 523 '
220 511 224 519 '
278 507 490 584 removendi
514 515 599 582 sunt
622 529 751 582 versus
778 506 980 580 hexametri
1004 505 1159 595 heroici,
1192 529 1309 602 perpe·

278 635 357 686 ram
389 611 487 682 ilinc
507 610 614 682 relati
638 615 684 682 ab
711 609 934 702 Hieronymo
962 607 1233 707 columnam),
1258 611 1311 682 cui

280 714 341 808 qui
366 722 501 783 temere
528 714 772 784 auscultarent
795 734 869 782 non
895 711 1097 783 defuerunt.
1148 710 1189 782 Is
1212 713 1309 798 enim,
1388 759 1389 768 .

280 819 451 907 deceptus
476 815 571 902 loco,
597 837 703 907 quem
728 811 939 886 Macrobius
951 813 1017 910 ²²⁰)
1046 835 1094 884 ex
1113 810 1222 887 Ennii
1239 813 1309 884 Sei·
1388 887 1389 894 χ

280 919 387 1012 piene
415 917 530 1006 ponit:
558 915 732 1006 „Sparsis
760 916 872 986 hastis
899 915 1016 1007 longis
1037 916 1311 1006 campusspten·

282 1021 343 1089 det
369 1023 405 1087 et
429 1017 595 1103 horret‚“
632 1023 760 1107 poema
785 1015 1006 1088 hexametris
1031 1016 1198 1086 versibus
1224 1038 1311 1086 com-

278 1119 438 1211 positum
463 1118 723 1205 arbitrabatur,
763 1125 871 1210 atquc
901 1119 985 1190 ideo
1011 1117 1203 1188 nonnullos
1229 1118 1311 1188 tales

281 1220 390 1294 Ennii
415 1241 561 1306 versor,
602 1241 711 1314 quum
745 1219 779 1289 ei
810 1220 881 1290 huo
907 1224 1073 1311 spectare
1098 1219 1311 1303 viderentur,

283 1331 410 1395 contm
447 1322 622 1392 librorum
658 1321 909 1391 auctoritatem
942 1321 1008 1392 sub
1042 1319 1224 1411 Scipionis
1254 1341 1311 1388 no·

201 1461 203 1466 ·
282 1425 379 1496 mine
412 1424 542 1514 posuit.
594 1422 702 1501 (luae
735 1430 855 1493 autem
881 1423 965 1493 inde
991 1424 1103 1493 allata
1127 1422 1311 1495 manifesto

284 1524 468 1598 trochaico
493 1531 608 1594 metro
635 1531 818 1612 constant,
845 1547 890 1595 ea
916 1547 964 1596 ex
989 1523 1109 1615 operis
1134 1522 1312 1615 prooemio

284 1632 428 1717 sumpta
463 1647 543 1695 esse
576 1625 800 1716 opinabatur.
859 1625 936 1697 Sed
975 1626 1072 1717 quod
1111 1625 1238 1694 attinet
1273 1623 1313 1692 ad
1388 1643 1389 1704 3

280 1747 431 1800 'versum
455 1727 568 1812 illum,
595 1727 657 1819 qui
680 1727 791 1818 vutgo
813 1734 958 1817 putatur
974 1727 1186 1798 hexameter
1204 1725 1313 1797 berni·
1388 1769 1389 1786 .

286 1853 369 1916 cus,
403 1829 434 1898 is
468 1828 644 1899 eiusmodi
670 1835 743 1914 est,
776 1836 816 1897 ut
846 1836 944 1899 recte
969 1828 1130 1900 iudicare
1155 1828 1315 1912 videatur
1388 1869 1389 1906 r

286 1927 540 2024 Bothius²²¹),
579 1951 687 2021 quum
720 1930 811 2000 tates
835 1952 1006 2001 numeros
1032 1928 1222 2001 nerlinuio
1246 1927 1313 2021 qui·
1388 1967 1389 1976 .

286 2037 369 2105 dem
401 2032 594 2125 imputarit.
647 2028 725 2101 Nec
757 2054 845 2100 vero
879 2031 1045 2126 assentiri
1070 2053 1217 2122 possum
1242 2031 1313 2100 viro
1388 2067 1389 2112 3

287 2136 414 2220 docto,
450 2155 515 2224 pro
549 2141 755 2224 asynarteto
790 2155 871 2202 eum
897 2132 1054 2204 habenti.
1104 2131 1173 2204 Est
1197 2128 1314 2224 procul
1388 2169 1389 2212 r

285 2237 396 2308 dubio
418 2234 635 2304 ¹trochaicus
671 2233 895 2325 septenarius
903 2285 914 2322 ‚
951 2235 1053 2306 euius
1076 2234 1158 2304 finis
1185 2233 1313 2306 deside·
1388 2249 1389 2270 ³

286 2347 398 2423 ratur,
424 2337 687 2428 delendumque
713 2337 929 2406 vocabulum
956 2338 1015 2421 et,
1049 2337 1250 2426 profectum
1274 2353 1314 2402 ex

288 2438 522 2510 antecedente
548 2437 759 2527 splendet
784 2438 844 2506 vel
862 2460 884 2505 a
901 2437 1060 2523 librario,
1088 2460 1236 2508 versum
1259 2456 1314 2504 ex·
1388 2475 1389 2510 ;

285 2542 408 2633 plente
433 2539 494 2608 vel
520 2539 717 2627 asyndeton
743 2539 965 2630 refugiente3
989 2539 1069 2626 nisi,
1097 2561 1190 2632 quac
1205 2547 1314 2608 tomen
1385 2545 1389 2592 A

288 2641 439 2716 mutatio
466 2641 586 2730 paullo
603 2640 720 2710 maior
736 2646 802 2726 est,
830 2662 910 2710 curu
927 2635 1014 2712 Ger.
1030 2639 1091 2712 Jo.
1106 2640 1241 2713 Vossio
1255 2634 1312 2728 ²²²)
1388 2679 1389 2696 .

288 2767 356 2835 pro
383 2765 426 2811 eo
453 2742 610 2811 scrihere
636 2741 741 2811 malis
767 2739 911 2834 atque.
952 2739 1095 2812 Deinde
1122 2744 1218 2834 apud
1232 2738 1314 2810 Tre·
1388 2777 1389 2818 p

289 2844 437 2916 bellium
461 2840 665 2911 Pollionem
677 2840 744 2936 ²²³)
777 2843 868 2914 haec
893 2850 993 2914 sunt:
1030 2841 1161 2930 „Dicit
1184 2841 1314 2916 Ennius
1388 2887 1389 2916 ;

290 2947 337 3018 dc
370 2943 556 3034 Scipione:
592 2942 816 3021 Quantam
845 2950 1042 3016 statuam
1076 2945 1222 3016 faciet
1252 2961 1314 3033 po·
1388 2953 1389 2996 f

290 3033 1314 3140 pulusRomanns,quantamcol'umnam‚quae

290 3169 364 3219 res
397 3154 499 3217 tuas
530 3155 685 3238 gestos
710 3147 961 3239 loquatur.“
1013 3146 1120 3224 Quae
1146 3147 1314 3230 Hierony·
1388 3187 1389 3214 r

291 3271 371 3322 mus
388 3246 566 3319 columna
589 3246 767 3319 violenter
787 3256 830 3319 et¹
843 3271 970 3340 parum
983 3247 1114 3320 Latine
1134 3248 1204 3319 hoc
1217 3243 1313 3320 modo
1388 3313 1389 3321 ,

291 3352 329 3421 in
353 3350 584 3420 hexametros
609 3350 743 3442 coegit:

343 3449 378 3524 θ
411 3457 621 3544 quantam
661 3458 861 3523 statuam
893 3451 1056 3538 faciet,
1097 3455 1313 3545 quantam·
1388 3487 1389 3512 ι

761 3569 765 3578 ·
897 3575 982 3646 que
1008 3554 1254 3625 columnam
1388 3587 1389 3621 r

342 3650 571 3725 Romanus
608 3653 821 3748 popolus:
860 3677 953 3742 res,
995 3675 1127 3750 qnae,
1168 3675 1219 3724 ac
1249 3657 1316 3718 tun
1388 3735 1389 3740 Ἰ

899 3764 1031 3850 gesta
1055 3758 1276 3849 loquatur.
1388 3805 1389 3818 ,

378 3970 453 4054 219)
468 3973 553 4033 Ennii
569 3971 698 4054 fragmen.
710 3993 737 4052 p.
752 3949 814 4035 267
826 3991 886 4052 sqq.
899 4006 942 4020 ·-
965 3969 1039 4051 220)
1056 3975 1171 4052 Sabinu.
1184 3971 1228 4030 Vt.
1239 3972 1268 4028 t·
1278 3989 1314 4006 ··

296 4055 371 4136 221)
397 4058 533 4141 Trogiec.
562 4056 628 4118 bct.
658 4056 789 4140 tragum.
811 4079 839 4138 p.
855 4067 905 4120 60.
933 4055 1085 4139 -”222)
1115 4056 1150 4116 de
1175 4043 1313 4124 Histpricis

295 4137 361 4202 ue
378 4140 400 4201 ι.
423 4148 451 4203 e.
472 4175 513 4190 -
536 4138 612 4224 aaa)
634 4143 732 4204 clauo.
750 4142 812 4203 vu.
