2824 4966
1079 363 1153 442 la

124 455 147 492 ἱ
1021 485 1027 498 .

100 520 199 610 bolis
222 535 370 620 haberi,
409 536 448 608 in
472 536 603 630 quibus
629 534 754 626 Satyri
777 535 915 610 fuerint
937 558 1148 629 repraesen.

100 639 187 726 toti,
212 645 254 708 nt
280 640 317 708 in
344 634 573 710 Graecorum
599 640 763 710 dramate
789 637 971 728 Satyrioo.
1021 639 1149 734 Neque

101 741 193 815 illud
217 763 287 810 nos
313 739 497 812 offendere
518 748 656 832 potest,
683 743 779 832 quod
793 739 984 830 Satyrione
1007 740 1068 814 bic
1087 765 1148 816 oo·

99 843 268 914 moadiae
300 843 479 914 dicuntur.
537 841 632 914 Nam
666 841 735 912 etsi
766 843 975 935 plerumque
1003 851 1147 936 tragos·

101 945 172 1016 diis
203 943 326 1034 potins
359 951 660 1032 annumerantur,
701 951 822 1019 tamen
852 953 984 1021 natura
1019 967 1146 1022 earum

100 1045 184 1116 talis
223 1045 312 1132 fuit,
351 1053 394 1116 ut
433 1047 543 1117 etiam
583 1045 795 1118 comoediae
834 1045 906 1119 dioi
945 1047 1146 1139 potueriut3

98 1149 403 1240 quemadmodum
427 1143 583 1242 Plautus
607 1146 912 1238 Amphitruonem
944 1149 1144 1240 tragicoru-

97 1249 283 1318 moediam
307 1248 431 1318 iocose
458 1251 566 1320 etiam
591 1249 815 1342 tragoediam
841 1250 1008 1344 dixitffl),
1035 1260 1144 1345 atque

101 1350 248 1422 omnino
270 1348 554 1438 Rhintbonicao,
579 1371 673 1441 quae
698 1373 723 1423 a
741 1349 883 1422 Latinis
908 1351 1144 1442 scriptoribus

98 1451 225 1522 fere
212 1474 250 1520 m
282 1452 491 1522 comoedias
522 1454 746 1539 referuntur,
790 1447 992 1524 uGraeois
1016 1450 1143 1549 ἱλαρο-

97 1545 327 1650 τραγῳδίαι,
367 1554 404 1623 id
430 1563 504 1639 est,
541 1553 675 1627 lrilores
700 1553 928 1646 tragoediae,
961 1557 1143 1646 appellan-

98 1663 169 1724 tur.
220 1653 267 1726 ln
291 1663 444 1746 uboqne
469 1677 603 1748 genere
632 1654 792 1748 tragicae
817 1677 996 1748 personae
1021 1657 1142 1749 prodi·

97 1756 206 1842 baut,
244 1755 433 1848 utriusque
472 1765 686 1848 argumenta
724 1758 994 1832 comoediarum
1028 1759 1143 1832 instar

95 1857 213 1928 risum
240 1859 455 1947 movebant;
494 1860 560 1928 sed
585 1857 775 1948 Satyrioae
800 1861 967 1951 proprius
993 1863 1142 1934 accedo·

95 1959 185 2030 bunt
207 1959 254 2031 ad
275 1959 450 2051 tragicam
467 1935 717 2048 severitatem,
743 1957 1011 2032 Rhintbonicao
1030 1963 1141 2036 etiam

94 2060 353 2132 scurrilitatem
378 2063 697 2152 amplectebantur.
748 2057 868 2134 Porro
891 2084 915 2132 a
932 2059 1053 2134 Mario
1075 2061 1140 2136 Vi·

97 2157 297 2257 aornott)
330 2163 501 2238 laudatur
532 2185 680 2249 vemas,
719 2160 784 2253 qui
814 2163 910 2236 uode
934 2163 1068 2254 potitus
1092 2165 1141 2236 sit

95 2261 198 2334 baud
230 2263 387 2352 amris,
426 2265 497 2337 nisi
529 2285 612 2334 oum
638 2261 915 2364 Gasuubonoffi)
942 2287 990 2336 ex
1013 2265 1141 2338 subula

197 2503 201 2512 ·
248 2466 413 2558 „Agitc,
438 2467 574 2559 fugite,
601 2465 758 2559 qualite,
784 2464 954 2556 Satyri.“
990 2553 995 2564 ⁸
1109 2469 1115 2482 ‘

96 2565 244 2640 Deinde
270 2569 366 2658 apud
387 2565 594 2640 Vitruvium
619 2569 791 2662 legimus:
818 2564 993 2656 „Genera
1018 2577 1140 2644 antem

96 2677 181 2744 suut
205 2691 420 2743 scaenarum
446 2671 544 2740 tria:'
570 2693 698 2756 nuum,
724 2671 822 2760 qnod
848 2670 977 2742 dicitnr
1002 2673 1139 2764 tragi-

96 2793 215 2856 cum,
241 2771 394 2842 alterum
420 2771 660 2858 comicum,
694 2771 839 2843 tertium
862 2769 1138 2862 Satyrione.

1 2895 2 2904 ¹
95 2872 242 2944 Horum
266 2880 387 2943 autem
412 2881 561 2948 ornatas
586 2879 670 2946 suut
694 2873 788 2947 inter
813 2895 854 2944 se
875 2874 1041 2950 dissimili
1065 2874 1138 2949 dis·

94 2975 250 3066 parique
286 2974 447 3049 ratiouo:
487 2975 587 3068 quod
605 3013 654 3028 -
675 2971 866 3064 Satyrione
885 3013 936 3029 -—-
965 2981 1164 3049 ornantur'

96 3077 307 3161 arboribus,
333 3077 533 3168 speluncis,
566 3075 764 3161 montibus,
790 3075 1009 3169 reliquisque
1034 3099 1139 3170 agro·

1 3220 2 3227 1
96 3179 216 3248 stibus
249 3179 375 3265 rebus,
412 3178 449 3248 iu
480 3172 661 3268 τοπειωδῆ
694 3177 853 3266 speciem
881 3177 1138 3253 deformatio.“

94 3275 161 3350 De
185 3275 341 3350 liomani
372 3277 503 3350 theatri
534 3301 668 3351 scaena
693 3276 901 3350 Vitruvium
932 3278 993 3352 bio
1025 3279 1138 3372 loqui,
1242 3307 1246 3316 ·

94 3381 147 3468 si,
181 3401 276 3472 quae
301 3383 518 3455 antecedunt
542 3389 578 3450 et
603 3401 698 3472 quac
724 3388 940 3472 sequuntur,
970 3380 1139 3472 iuspexe·

1 3481 2 3495 ¹
93 3483 167 3567 ris,
193 3504 267 3552 non
291 3483 428 3572 poteris
450 3481 535 3574 quin
560 3483 625 3556 tibi
644 3482 878 3572 persuadens.
930 3481 1075 3560 Quodsi
1100 3482 1139 3556 iu

94 3583 240 3654 tbcatro
272 3579 440 3654 Romano
473 3605 643 3654 scaenam
667 3581 874 3672 Satyrioam
904 3583 1020 3656 luisse
1052 3605 1136 3654 oon·

1 3708 2 3716 ¹
94 3691 187 3771 stat,
212 3685 400 3776 probabile
419 3686 563 3777 quidem
589 3692 663 3771 est,
690 3681 875 3754 Romanos
900 3685 1009 3755 otiam
1033 3685 1137 3755 iabu-

93 3786 153 3858 los
185 3783 373 3876 Sutyricas
407 3786 589 3858 babuisse.
641 3782 871 3857 Postremum
902 3781 1136 3882 Horatiusffi)

1 4009 2 4028 ¹
182 4000 239 4081 6³)
260 4003 397 4083 duplritr
417 4002 499 4066 Prol.
522 4007 560 4066 51
584 4021 709 4082 sqq.—
736 3999 792 4084 ol)
813 4003 876 4062 Art.
897 4021 1015 4106 gramm.
1036 3999 1085 4061 lv.
1106 4020 1136 4081 p.

1 4117 2 4126 ι
96 4093 179 4152 2591
201 4109 249 4168 up·
270 4089 457 4150 l’ulrob.
482 4085 538 4170 65)
561 4089 597 4148 do
618 4088 750 4166 Satyrion
771 4089 948 4148 lime
894 4093 948 4165 po'e
942 4086 975 4146 si
995 4092 1026 4146 et
1041 4085 1139 4146 &tiro

96 4175 180 4240 Ro·-
200 4173 239 4240 li
261 4180 363 4237 4-
391 4169 446 4256 66)
475 4174 568 4255 Epist.
588 4174 625 4234 ud
646 4173 706 4234 Pis.
729 4176 895 4332 mmo*
