2824 4966
1103 359 1161 438 65

106 529 269 628 ruem),
297 521 386 602 (ier.
407 521 471 601 to.
489 527 646 602 Vossius
659 529 740 626 ²¹⁸),
765 525 967 603 Plaucltlus
979 530 1058 630 ²¹⁸),
1083 535 1158 610 alli.
1209 523 1212 532 ’

105 625 214 705 Nem
235 649 332 726 quse
346 649 395 703 ex
408 629 519 704 linuit
533 631 706 724 Scipione
725 632 929 720 laudantur,
952 651 997 704 ca
1017 645 1160 728 sumpta

107 742 202 806 suut
226 753 276 804 ex
301 735 471 820 carmine,
498 753 570 828 quo
596 733 933 827 Enniusssclpionis
954 753 1015 806 res
1036 747 1160 830 gestas

106 837 385 922 celebraverat,
424 835 593 928 quodque
622 835 791 906 versibus
823 836 1015 908 trochaicis
1041 847 1158 932 septe·

105 939 229 1008 uariis
254 938 335 1008 sive
359 937 548 1030 quadratis
573 935 811 1028 compositum
834 938 950 1010 fuisse
977 939 1056 1008 iuro
1082 941 1158 1010 exi·

102 1039 237 1110 stimet
256 1035 301 1110 (l.
320 1038 581 1134 lllumiusffl).
626 1031 801 1131 Legimus
828 1040 921 1109 enim
947 1041 1043 1131 apud
1071 1037 1158 1114 Gel-

104 1142 203 1210 lium
210 1137 297 1235 218)1
313 1137 511 1228 „Valerius
518 1133 663 1210 Probus
677 1141 932 1232 grammaticus
947 1141 1041 1212 luter
1053 1163 1158 1216 suam

103 1249 273 1313 aetatem
305 1242 504 1332 praestanti
534 1237 687 1312 scientia
719 1241 799 1312 fuit.
859 1239 896 1312 ls
929 1242 1154 1315 Hanniba·

105 1345 200 1414 lem
242 1350 279 1412 rt
318 1337 656 1414 Hasdrubalem
691 1353 727 1413 et
761 1342 1064 1414 Hamilcarem
1105 1347 1157 1418 ita

104 1444 390 1536 prmuutisbst,
423 1452 465 1514 at
497 1444 751 1535 paenultimam
778 1439 1090 1538 clmumtlcctcret3
1116 1457 1157 1518 ut

105 1544 218 1616 testis
244 1553 302 1616 est
325 1547 498 1637 epistola,
524 1547 730 1637 scriptaad
756 1543 988 1634 Marcellum,
1022 1548 1058 1618 ln
1083 1567 1157 1643 qua

104 1643 287 1717 Plautum
319 1655 356 1718 et
386 1647 544 1718 Ennium
576 1648 780 1742 multosque
812 1649 905 1722 alios
940 1655 1084 1720 veteres
1109 1671 1155 1722 ec

105 1751 223 1820 modo
254 1751 507 1839 venundasse
533 1749 700 1820 affirmat.
752 1749 877 1820 Solium
901 1757 1023 1822 tumen
1047 1748 1156 1824 liunli

101 1867 260 1920 versum
293 1867 404 1920 uuum
437 1849 539 1942 pouit
571 1869 619 1921 ex
644 1851 784 1937 libro,
811 1852 886 1944 qul
911 1851 1070 1944 Scipio
1094 1853 1155 1923 in·

102 1952 357 2023 scribitur.
408 1949 504 2022 aun
527 1969 693 2038 versam,
721 1955 945 2044 quadrato
972 1973 1154 2026 numero

104 2055 306 2140 factum,
331 2054 570 2142 sublecturum
600 2054 638 2124 iu
663 2075 755 2145 quo,
786 2053 856 2124 uisi
881 2053 990 2125 tertio
1014 2055 1155 2145 syllaba

104 2155 153 2226 sle
169 2153 391 2226 Hannibalis
415 2156 561 2226 nomine
585 2155 817 2224 circumflexu
838 2161 1003 2246 ponatur,
1030 2177 1153 2227 uume-

103 2275 172 2328 rus
200 2253 403 2328 clausurus.
439 2254 578 2328 Versus
603 2255 722 2342 Ennii,
749 2275 857 2348 quem
877 2255 979 2344 dixit,
1005 2257 1056 2327 itu
1077 2264 1151 2330 est:

156 2357 218 2430 Et
251 2360 329 2451 qui
353 2369 543 2451 prepter
567 2355 843 2428 Htunibalis
868 2357 1028 2448 coplas
1053 2379 1152 2431 ron-

770 2459 1018 2532 siderant.“

3 2583 5 2620 t
105 2561 266 2633 Librum
290 2559 351 2630 bic
375 2579 458 2632 esse
484 2579 641 2648 carmen,
667 2561 765 2654 quod
779 2561 1151 2652 commemoravimus,

3 2709 5 2726 .
104 2685 183 2734 non
215 2659 397 2749 fabulam,
430 2660 597 2733 dubitare
628 2683 697 2733 nos
728 2683 801 2734 unu
834 2663 919 2732 sinit
947 2664 1019 2734 loci
1043 2665 1150 2753 ratic,

36 2759 40 2768 ’
103 2785 232 2858 quum,
258 2763 292 2834 si
315 2771 460 2854 praeter
483 2783 629 2834 carmen
650 2763 738 2834 illud
761 2763 1006 2836 etiamfsbula
1021 2766 1151 2838 eodem

105 2853 256 2937 nominc
279 2864 497 2950 exstitisset,
533 2861 676 2936 Gellius
701 2884 773 2935 uon
799 2875 981 2959 tamquam
1006 2867 1052 2937 (lc
1077 2889 1149 2940 uno

104 2977 143 3039 et
169 2974 259 3038 uoto
284 2967 389 3052 libro,
415 2963 596 3056 Scipionis
620 2967 766 3037 nominc
791 2968 980 3060 inscripto,
1006 2968 1149 3042 locutus

105 3077 218 3158 esset,
245 3089 313 3138 nec
333 3065 564 3159 intelligatur,
590 3068 623 3137 si
636 3069 812 3143 voluisset
827 3069 1149 3162 significurefabu·

104 3171 201 3256 lum,
242 3169 368 3262 quidni
399 3168 527 3255 etiam,
559 3175 601 3238 at
630 3169 742 3258 solet,
781 3171 926 3264 proprio
967 3173 1148 3244 vocabulo

104 3268 408 3356 munerasset,
433 3270 644 3362 pracsertim
670 3289 779 3364 quum
804 3267 881 3358 bic,
906 3271 940 3343 sl
964 3271 1057 3342 liber
1081 3293 1148 3366 pro

104 3375 235 3444 tabula
258 3378 473 3464 poneretur,
507 3371 723 3465 ambiguitas
753 3374 914 3444 verenda
937 3382 1047 3446 esset.
1082 3375 1149 3448 -Ut

105 3481 230 3546 autem
261 3493 391 3544 remus
422 3471 613 3561 trochaici,
651 3475 715 3568 qui
747 3497 796 3545 ex
834 3473 942 3544 Ennii
976 3473 1148 3568 Scipione

105 3577 313 3660 laudantur,
338 3593 418 3644 uorr⁴
428 3595 475 3644 ex
485 3575 625 3660 tabula,
653 3577 716 3646 sed
733 3597 780 3646 ex
797 3577 955 3646 carmine
969 3575 1147 3668 desumpti

105 3697 191 3748 esse
221 3676 373 3768 putandi
402 3683 503 3762 suut,
544 3676 596 3746 ito
627 3679 674 3748 sb
705 3677 776 3747 hec
806 3680 966 3750 carmina
996 3697 1146 3772 prorsus

110 3908 179 3968 Lat,
211 3909 252 3968 Τ.
275 3910 297 3968 t.
325 3931 354 3988 p.
379 3914 450 3972 104.
478 3941 521 3954 -
561 3909 635 3990 111)
663 3911 699 3970 ds
728 3911 858 3970 Thmoo
884 3910 907 3970 1.
931 3915 960 3970 o.
984 3943 1026 3956 ·-
1068 3910 1144 3995 215)

105 3991 242 4052 lustitutt.
262 3993 378 4072 potitii.
400 4001 431 4056 7.
453 3999 473 4052 1
495 4001 526 4053 et
546 3995 582 4055 ll.
608 4001 655 4056 17.
681 4004 708 4055 1.
730 4025 773 4040 -
794 3993 918 4076 216)is
937 3993 1023 4054 liunii
1043 3995 1146 4058 blctleu

4 4149 5 4156 ἵ
106 4097 133 4154 p·
151 4085 202 4140 3².
221 4107 265 4124 ··-
293 4075 368 4157 217)
389 4079 557 4162 liinleitung
577 4079 606 4138 iu
628 4081 725 4140 lism's
745 4079 803 4142 site
818 4080 923 4141 Gercb.
944 4099 973 4159 p·
987 4084 1029 4144 48
1047 4100 1090 4162 ιι.
1101 4113 1144 4129 ·-·

107 4161 299 4243 rss)1toctt
320 4165 381 4224 111.
401 4164 449 4224 lv.
470 4171 502 4225 7.
