2824 4966
270 351 328 430 54

271 525 402 600 onibus
425 531 527 596 aetas
553 545 652 612 esre,
691 545 761 596 nee
784 543 875 595 vero
901 543 1026 597 omnes
1050 523 1179 596 Latini
1209 545 1309 616 amn·

274 627 385 698 menti
411 628 600 720 atogntis.

348 728 473 799 Aliam
487 735 608 798 antem
620 727 869 820 quaestionem
883 725 996 796 movit
1010 725 1182 812 Bothins,
1207 745 1311 818 qnnm

271 829 364 902 hoen
396 826 634 923 protulit¹⁹⁴):
675 827 835 920 „Neque
868 829 931 898 alii
964 828 1163 900 narminum
1193 825 1311 920 generi

273 927 396 1026 (quarn
421 931 555 1002 fabulis
578 929 846 1024 Rhintluonieis)
872 932 1166 1002 annumerandae
1192 931 1311 998 viden·

272 1040 332 1102 tur
363 1031 476 1123 ipsius
509 1031 620 1103 Nouii
658 1033 822 1117 fabulae,
865 1053 959 1122 qnae
998 1031 1194 1122 inscriptae
1235 1035 1314 1100 sunt

272 1129 579 1222 Phoenissae,
615 1132 754 1204 Piens
788 1129 910 1226 (quem
936 1155 1002 1224 pro
1028 1155 1117 1224 rege
1144 1130 1313 1222 Aborigi-

274 1255 361 1306 num
386 1235 510 1331 habet)
538 1243 574 1306 et
598 1233 791 1322 Paulus,
818 1235 855 1304 in
881 1257 952 1326 qno
973 1231 1093 1306 Panlo
1114 1234 1313 1351 intelligam

273 1334 431 1407 Paulum
455 1337 669 1424 Aemilium,
710 1335 841 1407 Persei
872 1336 970 1428 regis
996 1334 1241 1405 Macedonum
1264 1334 1314 1402 vi·

160 1453 165 1466 ·
275 1443 429 1525 otonem,
456 1431 849 1531 μιταρῥυθμιζόιιινον
872 1439 922 1517 εἰς
942 1439 1104 1560 yetoion:
1130 1443 1173 1506 nt
1190 1436 1315 1504 harum

274 1539 479 1610 fabularum
520 1540 614 1609 duae
652 1541 875 1629 posteriores
914 1538 1049 1610 fuerint
1075 1530 1314 1608 ‘Prodamne‘
1368 1601 1370 1608 .

276 1636 510 1724 εξωτικαὶ,
543 1649 583 1710 ut
607 1641 766 1733 loquitur
790 1640 953 1710 Jnannes
979 1640 1105 1729 Lydos
1131 1641 1179 1708 de
1201 1635 1313 1728 Magi·

276 1748 376 1810 strat.
403 1739 650 1810 Romanorum
680 1743 721 1826 l,
748 1744 816 1827 40,
843 1741 878 1810 h.
907 1763 939 1810 e.
966 1727 1233 1810 Rhinthoninae
1257 1745 1312 1807 to·

275 1850 427 1932 gatae,
453 1843 568 1932 prima
594 1851 732 1927 autem,
759 1845 864 1913 ouius
878 1841 1105 1913 Phoenissae
1126 1861 1312 1934 argumen-

274 1950 369 2030 tum,
403 1943 580 2016 eiusmodi
601 1944 757 2034 palliata.
810 1943 917 2022 tinae
944 1946 1015 2014 dno
1042 1945 1191 2027 diversa
1215 1943 1312 2013 fabu-

275 2043 391 2117 larum
412 2067 547 2136 genera
572 2068 643 2116 ιιοιι
667 2047 891 2138 distinguens
910 2043 1081 2117 Osannus
1102 2045 1126 2114 l.
1150 2047 1175 2115 l.
1204 2040 1313 2137 (Ana-

275 2144 355 2216 leet.
371 2147 448 2217 erit
466 2168 501 2236 p
516 2147 567 2219 69
581 2147 672 2244 sqq.)
699 2149 794 2217 male
815 2143 954 2234 turbat,
981 2147 1213 2219 scribendum
1238 2163 1313 2214 esse

275 2249 496 2317 contendens
524 2244 806 2340 Prvdmmrip‘
785 2275 808 2339 η
842 2243 1072 2340 ἑξαιιιτρικὴ,
1114 2269 1188 2340 qno
1228 2241 1314 2315 nihil

274 2347 435 2418 inutilius
460 2347 547 2441 fingi
571 2357 700 2441 potest.
709 2355 734 2394 “
784 2349 869 2420 Non
888 2351 1018 2420 dubito
1040 2350 1207 2440 quidem,
1235 2346 1314 2468 quio

276 2449 346 2518 sibi
377 2449 446 2519 soli
473 2447 643 2522 Osannus
669 2453 864 2521 eonieoerit
897 2452 991 2521 istud
1018 2438 1313 2542 ἑξαμιτρική;

276 2556 397 2620 tamen
422 2551 533 2622 nihilo
567 2553 684 2645 magis
718 2555 892 2623 aeoedere
918 2575 1066 2644 possum
1091 2551 1220 2621 Bothii
1245 2547 1312 2638 opi-

275 2651 393 2739 nioni,
426 2675 535 2746 quum
559 2655 647 2725 mihi
671 2676 744 2724 oon
771 2654 922 2745 liqueat,
959 2655 1159 2744 quomodo,
1187 2651 1248 2745 qni
1273 2649 1312 2716 de

275 2748 522 2826 Romanorum
547 2758 655 2825 rebus
682 2756 842 2846 scripsit,
877 2756 1038 2828 fabulam
1062 2763 1245 2847 togatam,
1281 2747 1314 2816 id

276 2859 349 2939 est,
385 2853 606 2972 Romanam,
646 2851 821 2949 ἐξωιικὴν
846 2859 967 2927 dicere
993 2858 1167 2947 potuerit,
1211 2869 1312 2948 qnnm

275 2952 329 3023 sio
361 2954 396 3024 ei
429 2957 547 3045 potins
581 2959 796 3050 appellanda
828 2965 941 3045 esset,
980 2981 1074 3050 qnae
1106 2981 1180 3028 nnn
1222 2955 1313 3024 esset

276 3049 455 3127 Romana.
513 3056 610 3147 Neo,
646 3061 677 3130 si
711 3060 836 3130 Bothii
869 3061 1116 3150 interpretatio
1148 3049 1313 3130 vocabuli

275 3176 367 3226 vera
400 3165 513 3247 esset,
554 3159 649 3250 Lydi
689 3162 895 3232 testimonio
928 3161 997 3234 tide
1034 3163 1185 3247 tributa,
1226 3157 1313 3227 aliae

82 3275 87 3286 ·
225 3321 227 3325 .
274 3252 541 3332 Rhinthonioae
573 3264 729 3333 fuissent
763 3259 948 3348 Graecae,
990 3264 1084 3332 aliae
1115 3260 1312 3338 Romanae,

276 3358 342 3428 sed
369 3381 492 3432 omnes
516 3360 715 3439 Romanae.
767 3362 966 3434 Praeterea
986 3363 1111 3454 Lydus
1132 3362 1312 3445 Romanas

274 3459 423 3532 fabulas
448 3485 472 3532 a
498 3459 651 3536 Graecis
677 3465 728 3534 ita
754 3465 943 3551 discernit,
982 3477 1020 3535 nt
1045 3465 1249 3555 crepidatae
1280 3459 1313 3524 et

273 3562 445 3651 palliatae
459 3559 665 3687 ‘illitteratis
686 3562 900 3652 ὑποθέσεις,
928 3575 1174 3658 praetextatae
1198 3568 1312 3635 autem

274 3669 310 3732 et
349 3670 495 3757 togatae
530 3662 741 3838 Ρωμέαϊκὰς
780 3669 925 3738 tribnat.
992 3667 1137 3746 Quodsi
1176 3658 1313 3754 scripsit

270 3757 595 3860 Ῥινθωνικὴ
574 3795 597 3860 η
623 3761 834 3862 dimetari,
862 3770 955 3838 hano
970 3792 1037 3840 nee
1053 3765 1233 3842 Graecam
1251 3779 1311 3832 uec

273 3861 478 3940 Romanam
498 3871 648 3960 putavit,
675 3871 795 3963 idque,
823 3879 862 3941 nt
882 3871 1036 3958 videtur,
1064 3893 1108 3942 ea
1130 3871 1175 3939 de
1194 3865 1310 3944 eausa,

274 3969 371 4057 quod
403 3971 482 4042 eius
516 3978 641 4042 auotnr
674 3995 742 4042 nee
775 3971 963 4044 Romanus
996 3985 1074 4044 erat
1112 3993 1230 4066 neque
1267 3981 1311 4032 0¹

287 4097 588 4124 Ἢ

332 4219 334 4224 .
359 4151 435 4237 194)
458 4157 581 4220 comior.
602 4149 671 4220 lant.
693 4155 823 4240 irogmnr.
846 4178 873 4237 p.
887 4155 938 4220 4⁶.
