2774 4972
275 373 354 450 168

277 549 386 618 istem
409 546 580 636 probent,
606 565 731 614 errore
750 545 889 616 fuctum
913 553 983 615 est.
1026 545 1181 618 Autenti
1198 545 1304 618 Delrii

280 669 382 720 error
395 645 585 739 Syntngm.
608 653 703 737 trag.
717 643 824 717 Rom.
849 669 885 738 p.
901 647 963 732 27,
989 647 1027 716 in
1042 649 1190 740 tragicis
1204 649 1303 720 Afru-

223 817 228 827 ,
278 751 378 820 nium
402 747 642 833 recensentis,
667 748 902 838 iampridem
921 755 1067 819 notatus
1087 758 1154 820 ost.
1204 749 1304 820 vico.

234 890 239 901 ·
279 847 369 924 Ger.
394 849 457 921 Jo.
482 848 639 920 Vossius
669 851 717 920 tle
747 847 856 920 Poet.
888 848 972 920 Lat.
1004 873 1040 940 p.
1060 850 1127 940 133
1161 851 1305 922 Bothius

279 951 450 1044 'l'rugicc
479 949 562 1021 Lnt.
593 952 760 1042 flegun.
793 972 829 1042 p.
851 949 938 1022 254.
990 949 1119 1044 Neque
1156 975 1235 1022 cum
1265 953 1304 1023 iis

278 1054 484 1141 consentio,
509 1052 588 1145 qui,
614 1061 655 1122 ut
676 1049 858 1144 cruquius
883 1054 930 1122 au
951 1051 1043 1123 Hor.
1063 1053 1180 1144 Epist.
1204 1053 1256 1124 ll.
1276 1057 1305 1125 1.

279 1152 341 1242 57,
382 1151 470 1227 Ger.
496 1152 559 1224 Jo.
585 1152 741 1224 Vossius
773 1156 821 1224 dc
845 1152 950 1224 Poet
975 1153 1059 1224 Lut.
1086 1178 1120 1246 p.
1147 1156 1212 1242 12,
1242 1155 1306 1225 llo·

280 1255 377 1328 thius
402 1256 426 1326 l.
453 1280 503 1342 c.,
542 1254 752 1328 Scloberus
778 1257 823 1324 de
848 1255 1028 1326 Atellanis
1053 1278 1089 1346 p.
1105 1256 1174 1342 38,
1212 1255 1307 1326 ltlun·

278 1359 365 1430 kius
397 1357 444 1428 dc
468 1355 598 1448 Pomp.
623 1356 718 1428 Bon.
743 1377 779 1447 p.
801 1355 862 1445 57,
901 1355 998 1426 hunc
1027 1357 1177 1448 poe‘tum
1209 1359 1307 1428 etium

278 1459 423 1532 fabulas
456 1458 649 1529 Atellanus
671 1459 872 1550 ¹scripsisse
902 1458 1104 1551 perhibent.
1164 1457 1308 1550 Compo-

279 1562 399 1632 suisse
442 1559 573 1631 dicitur
618 1559 796 1630 All-unius
833 1560 1093 1630 Bucconcm
1135 1562 1307 1652 ndoptc-

280 1668 389 1750 tum,
413 1683 485 1754 quo
510 1662 657 1732 nomine
682 1663 791 1732 etium
817 1659 1050 1752 Pomponius·
1064 1661 1307 1744 Bononiensis,

279 1762 532 1836 Atellanarum
563 1764 735 1854 scriptor,
773 1764 938 1834 fabulam
967 1765 1066 1835 fecit.
1125 1761 1308 1856 Pomponii

280 1864 406 1936 Bucco
438 1866 631 1956 adoptatus
662 1865 808 1955 saepius
840 1866 1025 1954 laudetur3
1064 1864 1214 1936 Afrarrii
1242 1873 1308 1936 tun·

250 1955 255 1968 ’
281 1975 357 2036 tum
381 1967 419 2036 in
443 1966 514 2039 hoc
538 1965 651 2037 Nonii
673 1969 757 2036 locu
783 1988 818 2058 p.
836 1967 910 2039 126
935 1968 993 2037 ed.
1012 1964 1148 2037 llere:
1185 1966 1242 2055 „J
1250 1989 1307 2037 eu·

282 2074 392 2140 tcre.
456 2068 634 2138 Afranius
672 2068 846 2138 Buccono
890 2069 1083 2158 adoptato:
1123 2067 1152 2138 J
1161 2078 1307 2138 entare

281 2169 410 2239 nulla
434 2169 612 2240 invitat
663 2167 817 2239 Plautus
837 2165 1074 2240 Curculione:
1102 2168 1225 2246 Quid
1249 2192 1307 2238 au·
1359 2192 1365 2213 ·

281 2277 472 2360 te'poncs
497 2269 669 2342 Veneri
693 2268 939 2340 ientaculii
989 2269 1170 2342 Afranius
1192 2269 1306 2343 Crimi-

281 2393 345 2443 ne:
378 2371 503 2442 Haec
527 2372 684 2442 ieiune
708 2373 950 2444 ientsvit.“
1000 2371 1102 2449 Quin
1126 2370 1307 2464 Pomponii

281 2473 407 2544 Bucco
432 2475 642 2565 udoptetns,
669 2473 739 2544 etsi
758 2474 818 2542 ille
839 2479 985 2564 praeter
998 2472 1192 2545 Atellanus
1212 2475 1307 2544 etium

283 2576 374 2646 alins
398 2576 543 2646 fabulas
568 2575 787 2667 composuit,
812 2575 985 2644 Atellano
1006 2575 1134 2661 tuerit,
1162 2599 1234 2645 uon
1252 2576 1306 2644 du·

282 2678 379 2748 bito.
426 2675 481 2747 At
509 2676 622 2746 nihilo
653 2677 791 2763 minus,
827 2676 973 2767 opinor,
1010 2677 1043 2746 si
1070 2676 1246 2748 Afranius
1272 2697 1306 2744 re

283 2799 372 2849 vera
385 2774 595 2849 Bucconem
615 2779 824 2869 adoptatum
844 2779 1065 2869 scripsisset,
1090 2779 1306 2850 statuendum

284 2886 398 2964 essct,
438 2878 534 2950 huno
565 2880 727 2950 subulam
766 2885 928 2971 togatam
958 2879 1092 2966 fuisse,
1133 2882 1183 2952 ud
1217 2880 1306 2950 cuius

282 2980 518 3051 imitationem
548 2978 791 3071 Pomponius,
830 2982 990 3051 urbanus
1023 3001 1200 3071 personas
1236 3001 1305 3050 cum

282 3081 427 3153 rusticis
457 3090 685 3173 permutans,
723 3082 932 3168 Atellanam
963 3105 1067 3152 suum
1098 3083 1305 3176 composuis-

283 3193 351 3255 set.
409 3181 536 3277 Neque
569 3184 682 3270 enim,
725 3183 758 3253 si
795 3175 937 3253 titulum
975 3183 1084 3254 istum
1119 3183 1304 3276 exceperis,

284 3286 380 3357 ullus
401 3293 521 3356 exstet
541 3284 656 3372 locus,
683 3285 743 3377 qui
761 3284 947 3354 confirmet
962 3285 1184 3375 opinionem,
1211 3286 1304 3356 Afra·

285 3388 384 3457 nium
414 3386 604 3458 Atellanas
643 3387 853 3476 scripsisse3
894 3387 977 3456 licet
1008 3387 1228 3458 clarissimus
1256 3383 1305 3455 hic

284 3487 395 3581 poiitc
425 3489 629 3560 sexcenties
659 3489 835 3558 laudetur.
887 3482 1032 3559 certius
1064 3495 1185 3558 zeutem
1209 3489 1304 3560 Aim-

284 3591 345 3662 uio
384 3590 546 3662 fabulam
582 3588 681 3660 illam
715 3609 864 3680 prorsus
903 3590 1207 3676 abiudicabimuS,
1249 3609 1303 3678 piro

285 3691 312 3764 J
321 3700 489 3763 entare.
540 3691 764 3762 Afranius
788 3691 1018 3761 restituentes
1043 3693 1140 3782 apud
1160 3690 1302 3762 Nonium

285 3792 491 3865 Jentsre.
549 3789 847 3883 Pomponius3
885 3813 994 3884 quum
1027 3794 1249 3884 praesertim,
1278 3787 1303 3858 si

285 3899 400 3967 verba
422 3895 614 3966 Jentarc
649 3892 774 3963 nulla
806 3893 975 3964 invitet
1008 3918 1056 3965 ex
1088 3895 1231 3965 Afranii
1257 3891 1302 3960 la·

286 3999 373 4069 bula
410 4003 553 4088 sumpta
591 4001 732 4081 essent,
778 3996 954 4086 suspicari
992 3997 1116 4082 licent,
1160 3993 1302 4067 Nonium

288 4101 502 4193 scripturum
527 4097 658 4172 luisse:
686 4093 894 4184 „Afranius
919 4100 955 4166 in
975 4097 1147 4169 Bucconc
1171 4097 1302 4187 adopta·
