2824 4966
1075 319 1130 406 titi

96 486 247 570 Graecia
279 489 429 588 propria
460 488 647 570 oriundus.
697 486 893 571 Paullus
928 498 1050 572 autem
1071 494 1128 571 fa·
1243 547 1250 564 .

93 595 171 670 bula
183 591 306 670 Novio
333 592 573 672 abiudicanda
592 615 675 666 esse
697 593 859 680 videtur,
880 601 925 678 vpt
946 595 993 666 ad
1007 592 1130 666 Paulli

93 692 338 782 Pacuvianus,
377 717 472 788 qnae
503 701 736 788 praetexata,
766 703 863 782 erat,
901 696 1032 788 fragm.
1051 695 1128 771 111.

94 798 328 874 ostendemus.
378 795 511 876 Restat
533 792 686 868 Picus.
726 795 801 874 (lui
827 819 892 873 our
916 797 1036 890 potius
1061 821 1127 890 pro

93 919 172 990 rogo
195 895 462 990 Aboriginum,
498 919 608 990 quam
631 920 698 990 pro
723 919 811 986 ave,
853 897 1043 972 habendus
1068 900 1126 987 sit,

92 1021 158 1076 noc
189 1009 354 1090 apparet.
415 997 460 1071 Si
491 997 656 1076 Naevius
690 999 862 1090 Lupum
895 1009 932 1071 ct
963 998 1126 1073 Pullos

92 1100 235 1190 scripsit,
261 1099 489 1192 Pomponius
506 1099 701 1175 Vaccam
728 1110 764 1172 et
785 1099 970 1177 Verrem
997 1125 1124 1196 aegro·

91 1209 176 1288 tun,
213 1201 398 1282 Laberius
423 1200 661 1293 Scylacem
695 1211 731 1278 et
756 1201 975 1277 Taurum:
1016 1205 1125 1282 eriam

91 1299 222 1382 Novius
253 1326 280 1377 a
311 1304 393 1394 pino
426 1325 496 1378 ave
526 1305 675 1380 fabulae
707 1303 976 1395 inscriptionem
1000 1313 1124 1397 petere

91 1404 214 1502 ptuit,
248 1414 286 1476 et
311 1404 457 1498 queem
481 1428 526 1476 eu
552 1407 716 1492 facilius,
741 1408 840 1499 quod
864 1407 956 1488 haec
980 1407 1061 1480 avis
1085 1407 1124 1476 iu

91 1506 310 1582 edmerum
335 1529 524 1584 numerum
547 1507 786 1580 referebatur.
949 1531 953 1542 ·

179 1605 347 1682 Remotis
372 1630 481 1695 vero,
505 1630 598 1701 quae
622 1609 779 1680 Botbius
803 1607 915 1692 nobis,
933 1608 1123 1699 proposuit

93 1708 133 1778 ad
144 1709 406 1790 defendendam
420 1706 699 1783 Rhinthcnicam
715 1718 888 1804 togatam,
914 1711 1122 1792 examinan-

94 1810 151 1878 dus
174 1819 245 1898 est,
279 1811 345 1903 qui
370 1833 517 1882 causam
542 1813 753 1902 praebuisse
778 1813 940 1899 videtur,
973 1835 1038 1892 cur
1059 1809 1121 1882 Li·

95 1909 155 1980 lius
186 1907 393 2004 Gregorius
426 1907 683 2010 Gyraldus¹⁹⁵)
720 1912 983 1984 Rhinrhouicas
1015 1914 1125 1984 etiam

93 2008 279 2084 Latinas
306 2021 458 2084 vocatas
473 2037 555 2086 esse
571 2015 716 2102 dixerit,
741 2012 914 2086 Euanthii
926 2013 1122 2108 locasse:

94 2111 209 2196 „Illud
235 2137 329 2186 vero
355 2117 548 2188 tenendum
575 2126 649 2203 est,
684 2124 766 2206 post
797 2111 887 2186 νέαν
917 2107 1123 2208 κωμῳδίαν

91 2211 228 2286 Latinos
274 2217 391 2288 multa
419 2218 624 2288 fabularum
657 2239 793 2308 genera
830 2217 1043 2316 protulisse,
1082 2227 1123 2285 ut

92 2321 219 2406 tegatur
236 2342 312 2407 -3
344 2326 590 2409 praetextatas
603 2343 673 2408 -3
704 2320 894 2389 Atellanus
907 2342 976 2408 -3
1007 2315 1121 2388 Rhin-

93 2414 258 2508 thcnieas,
290 2421 337 2490 ab
354 2422 513 2492 auctoris
532 2420 696 2510 nomne;
722 2421 944 2491 tabernarias
961 2443 1030 2509 -3
1056 2419 1120 2489 mi·

94 2527 279 2592 mos-f‘
329 2520 372 2591 St
397 2523 479 2614 quis
505 2545 554 2592 ex
577 2545 651 2592 unc
676 2522 747 2593 hcc
771 2523 853 2593 lucc
880 2526 926 2593 de
944 2519 1119 2592 Rhintbo·

29 2681 31 2700 ,
93 2619 237 2692 alearum
274 2633 485 2714 argumento
518 2624 679 2694 iudicare
709 2624 837 2710 vellet,
877 2645 965 2694 sane
999 2623 1118 2706 facile,

94 2739 186 2810 quum
215 2724 272 2796 ibi
296 2723 561 2796 Rbtuthonicac
593 2748 615 2794 a
641 2725 783 2796 Latinis
808 2727 971 2817 prolatae
998 2724 1119 2794 dican·

95 2827 143 2890 tur
170 2833 205 2896 et
235 2827 332 2896 inter
364 2825 522 2898 Romani
552 2828 754 2919 argumenti
783 2829 928 2898 fabulas
953 2867 1004 2878 -·
1036 2846 1121 2896 uam

94 2924 178 2994 mini
192 2948 259 3017 pro
282 2928 495 3020 planipediis
512 2929 622 3018 positi
646 2929 762 3000 videri
782 2937 934 3021 possunt
957 2969 1007 2980 -
1033 2947 1119 3000 enu-

95 3038 274 3115 merentur,
300 3031 472 3122 colligere
493 3031 530 3100 in
552 3032 709 3100 animum
729 3032 927 3117 induceret,
954 3051 1017 3100 eas
1032 3051 1120 3122 qno·

29 3119 31 3154 ¹
95 3143 170 3214 que,
202 3132 405 3227 dequibus
430 3131 489 3200 hle
515 3133 673 3224 agimus,
715 3135 859 3203 omnino
886 3155 935 3202 ex
960 3139 1118 3202 caetera·

94 3245 163 3298 run
181 3232 298 3302 fuisse
319 3254 473 3326 gruere3
508 3255 580 3325 qua
605 3235 830 3326 opinatione,
863 3234 931 3303 etsi
957 3255 1030 3302 non
1056 3254 1118 3300 ex·

95 3335 192 3402 staret
216 3331 342 3405 Plauti
363 3334 598 3425 Amphitruo,
631 3335 721 3404 nihil
747 3357 827 3406 esse
853 3341 978 3425 posset
1002 3333 1120 3404 minus

95 3433 287 3520 probabile,
331 3437 501 3528 quoniam
533 3460 659 3507 earum
691 3446 820 3507 auctor
843 3437 913 3508 ruit
939 3431 1119 3519 Graecus,

29 3599 30 3602 ,
94 3533 229 3628 verique
254 3537 475 3608 simillimum
500 3543 574 3624 est,
608 3537 792 3608 Romanos
818 3539 952 3628 prima·
978 3537 1121 3630 quidem

95 3626 188 3706 huius
209 3640 354 3731 generis
375 3640 519 3710 fabulas
544 3663 630 3710 suas
656 3636 848 3712 aGraecis
874 3642 983 3710 adse
1004 3648 1119 3708 traua·

95 3734 217 3810 tultsse.
278 3739 462 3817 Quocirca
486 3742 589 3811 lucus
621 3741 673 3811 ita
697 3743 949 3835 intelligendus
976 3746 1047 3823 est,
1081 3742 1121 3805 nt

96 3837 233 3929 scriptor
257 3842 346 3912 nibil
373 3843 473 3915 aliud
493 3843 631 3914 dixisse
651 3850 814 3934 putetur,
841 3865 946 3937 quam
967 3840 1121 3912 Latinos

101 3964 380 3991 ''FF-uam

98 4040 254 4194 mim
266 4044 303 4105 de
318 4043 437 4105 Patiar.
459 4043 526 4106 bine.
546 4046 624 4118 vll,
645 4045 718 4128 opp.
739 4046 780 4106 T.
794 4045 829 4106 ΙΙ.
851 4048 962 4123 ploti.
983 4074 1026 4090 -
1050 4035 1125 4120 190)
