2774 4972
1022 359 1101 438 tna

86 531 207 600 oimur
228 529 550 624 interpungendum
575 531 642 620 sit,
679 532 963 626 trahendumque
988 531 1102 604 Atta

85 632 121 700 ad
143 633 332 722 sequeutia.
365 630 586 705 Manifestus
612 640 734 704 autem
756 654 859 704 error
880 644 936 706 est
949 633 1101 706 Schoel·

83 733 114 801 lii
135 731 288 804 Histoire
313 725 474 828 abrtgde
500 735 546 805 de
572 737 610 804 la
629 737 695 807 litt.
718 733 825 806 Rom.
841 735 888 808 Τ.
903 735 936 808 Ι.
954 757 989 826 p.
1008 737 1100 808 138:

84 831 292 926 „Aulugelle
326 834 389 928 (N.
421 835 471 908 A.
493 835 604 906 Xlll.
626 837 667 932 2)
701 845 872 928 rapporte
910 859 983 907 une
1011 838 1101 928 jolie

82 937 235 1006 anecdota
264 959 329 1007 sur
352 959 425 1008 une
450 938 556 1007 visite
583 959 653 1030 que
680 937 874 1015 Quinctius
899 938 991 1010 Atta
1016 939 1056 1010 lit
1081 943 1102 1009 a

81 1032 244 1106 Pacuvius
282 1029 394 1108 retiati
435 1043 455 1108 a
496 1038 702 1110 Tarente.“
752 1037 848 1112 Nam
884 1042 980 1131 apud
1014 1036 1101 1113 Gel-

80 1138 151 1206 limn
181 1159 251 1208 non
284 1141 331 1209 de
365 1137 537 1218 Quinctio
573 1141 682 1229 Atta,
725 1142 791 1212 sed
832 1143 877 1211 de
910 1139 957 1212 L.
996 1141 1101 1212 Attio

81 1259 182 1309 sermo
209 1253 274 1311 eat.

163 1406 271 1485 auod
298 1409 346 1480 ad
372 1431 484 1500 opera
509 1407 671 1488 Quinctii
695 1407 828 1502 poiitae
853 1409 997 1497 attinet,
1024 1431 1098 1480 ma·

79 1505 160 1576 nium
197 1517 343 1601 togatae
384 1509 462 1582 eius
502 1512 653 1603 gloriam
693 1514 874 1606 quandam
912 1523 1102 1583 assecutae

79 1614 162 1696 sunt,
195 1613 293 1702 quod
319 1633 393 1681 nou
418 1620 554 1682 tantum
583 1611 779 1685 Diomedes
806 1615 951 1705 probat,
993 1635 1102 1706 quum

79 1729 146 1780 eum
168 1711 362 1804 praecipue
396 1735 479 1784 cam
511 1713 667 1787 Afranio
701 1724 844 1808 togatas
878 1717 1102 1785 tabernarias

79 1808 106 1876 in
127 1833 292 1885 scaenam
318 1816 525 1887 ductavisse
546 1817 650 1904 dicit,
676 1818 741 1888 sed
763 1817 842 1907 ipse
867 1837 1008 1909 quoque
1025 1815 1102 1885 Ho-

77 1910 190 2002 ratius,
216 1915 282 1986 ubl
305 1917 451 1988 fabulas
479 1918 557 1989 eius
582 1917 831 2009 reprehendit,
858 1916 1001 2008 volgari
1026 1915 1103 2008 opi·

78 2011 161 2082 nioui
184 2017 398 2090 adversans.
431 2020 512 2090 Μ
531 2041 662 2090 nomeu
684 2019 796 2089 Attae
822 2017 989 2088 allusisse
1014 2026 1102 2108 puto

78 2111 251 2192 Horatium
284 2129 494 2212 propterea,
537 2121 633 2214 quod
658 2141 787 2191 versus
820 2119 898 2189 eius
923 2120 1103 2189 claudica-

78 2218 189 2293 verint.
234 2217 295 2293 cf.
328 2219 593 2314 Megalensiurn
627 2223 758 2315 fragm.
817 2221 952 2292 Fronto
985 2219 1101 2312 Epist.

77 2313 132 2388 IV.
156 2321 190 2393 3.
224 2344 260 2415 p.
277 2319 326 2394 95
354 2326 411 2394 ed.
438 2321 528 2396 Mai.
562 2325 688 2395 Altam
713 2324 750 2394 iu
775 2324 897 2395 verbis
923 2321 1104 2392 muliebri·

13 2448 17 2515 ς
77 2415 132 2490 bus
147 2423 348 2516 elegantem
362 2426 459 2498 dicit.
511 2423 714 2498 Euanthius
739 2427 776 2495 in
802 2423 1104 2497 commentatione

12 2523 13 2534 ’
77 2519 114 2587 de
134 2521 274 2596 Fabula
300 2547 382 2596 eum
408 2549 578 2620 magnum
605 2528 780 2598 comicum
807 2527 983 2619 appellat3
1014 2548 1104 2594 nou·

11 2610 18 2708 Ξ
76 2621 160 2693 nulla
190 2635 314 2697 tamen
347 2627 384 2698 in
417 2653 483 2716 eo,
533 2628 626 2700 sicut
665 2631 702 2699 iu
742 2629 840 2716 aliis,
880 2629 1103 2718 vituperans.

12 2813 13 2824 ἵ
75 2720 235 2816 ,‚lllnd,“
262 2727 396 2822 inquit,
422 2738 510 2817 „est
531 2732 797 2817 admirandum,
824 2729 921 2823 quod
947 2726 1103 2822 (Teren-

75 2824 149 2926 tius)
174 2835 211 2900 et
235 2851 376 2902 morem
400 2833 567 2919 retinuit,
602 2839 643 2904 ut
668 2833 892 2904 comoediam
916 2829 1103 2918 scriberet,

76 2933 338 3024 attemperavit
362 2933 547 3022 affectum,
583 2959 630 3005 ue
663 2935 700 3004 in
725 2933 950 3027 tragoediam
975 2931 1104 3001 transi·

11 3085 12 3128 ᾗ
74 3025 154 3103 litet.
205 3033 321 3112 Quod
341 3058 423 3106 eum
449 3037 531 3107 aliis
556 3038 667 3109 rebus
692 3036 836 3108 minime
863 3036 1048 3104 obtentum
1069 3039 1106 3102 et

75 3129 243 3205 aPlauto
277 3143 314 3206 at
345 3138 391 3207 ab
424 3137 580 3210 Afranio
615 3145 652 3210 et
683 3139 773 3209 Atta
805 3143 841 3207 et
873 3136 994 3206 multis
1024 3135 1105 3206 fere

75 3239 201 3325 maguis
229 3237 378 3308 comicis
403 3237 643 3311 invenimus.‘·
694 3238 758 3310 Sic
782 3239 877 3308 euim
900 3237 1104 3327 legendum.

75 3326 183 3428 Vulgo
210 3361 278 3430 pro
304 3340 415 3410 Atta
448 3342 640 3413 exhibetur
664 3339 827 3426 Accio,
866 3340 982 3430 quod,
1020 3338 1105 3428 quia

52 3431 184 3509 ·Attius
217 3439 256 3509 in
287 3443 485 3534 tragoediis
518 3450 655 3514 tantum
687 3441 887 3513 scribendis
921 3438 1103 3524 excelluit,

11 3539 15 3628 Ι
73 3533 149 3608 terri
181 3562 256 3611 non
288 3550 417 3634 potest.
482 3545 694 3617 Auctoritas
727 3553 849 3614 tamen
880 3539 1010 3610 Attae
1031 3560 1105 3608 nou

74 3633 117 3706 ita
145 3665 256 3734 saepe
290 3666 313 3713 a
346 3646 588 3737 grammaticis
621 3645 762 3716 citatur.
814 3641 950 3714 Decem
987 3640 1106 3710 adhuc

75 3749 210 3814 exeant
235 3745 329 3817 tituli
354 3747 433 3819 eius
458 3749 683 3833 fabularum,
722 3767 875 3839 quarum
900 3742 1022 3833 plures
1047 3763 1105 3812 se·

74 3844 135 3913 mel
154 3853 294 3918 tautum
315 3859 652 3921 commemorantur.
695 3846 850 3919 Praeter
874 3851 1017 3936 togatas
1042 3865 1105 3914 aa·

11 4023 12 4034 χ
74 3946 136 4014 iem
168 3950 428 4042 epigrammata
460 3972 604 4044 quoque
638 3957 675 4021 et
706 3952 838 4020 satiras
871 3945 994 4016 edidit.
1045 3943 1106 4014 Ex

75 4047 320 4140 epigrammate
353 4053 464 4125 Attae
497 4051 640 4124 Nouius
672 4075 707 4144 p.
731 4051 806 4125 202
839 4049 896 4120 ed.
922 4043 1037 4118 Mero.
1069 4067 1104 4117 v.

74 4139 227 4224 Crines
252 4153 349 4226 huuc
375 4177 520 4228 aemam
547 4153 672 4226 affert:
