2824 4966
1042 374 1098 452 65

65 549 191 623 Verum
218 549 354 620 vidisse
378 548 524 620 videtur
549 547 771 636 Salmasius,
804 571 913 641 quum
946 549 1098 624 Trebel-

65 653 143 722 lium
167 651 225 722 bic
252 675 325 721 non
352 651 533 742 ipsissima
558 658 689 742 poetae
714 651 828 722 verba
852 653 1019 743 posuisse
1036 675 1097 724 an·

64 755 203 842 domuit,
230 754 298 824 sed
323 754 549 824 seutentiam.
600 751 731 845 Neque
757 759 855 822 certo
882 755 1025 846 quidem
1051 779 1099 827 ex

64 853 232 925 Pollionis
259 854 384 924 verbis
407 862 519 944 patet,
547 876 630 924 eum
656 857 724 924 ista
759 855 922 925 attulisse
948 879 996 926 ex
1021 879 1098 928 car·

65 955 168 1043 mine,
204 957 389 1048 Scipionis
423 956 568 1025 nomine
604 956 791 1048 insignito,
832 957 928 1026 unde
953 954 1097 1029 Macro·

65 1057 136 1128 bins
150 1056 216 1152 ²²⁴)
244 1058 339 1128 haec
364 1058 568 1148 exscripsit,
595 1079 688 1149 quae
713 1078 785 1126 non
813 1058 929 1150 magis
955 1060 1099 1152 sapiunt

66 1162 293 1250 prooemium,
319 1179 427 1251 quam
452 1181 582 1228 versus
608 1159 669 1228 ille
695 1159 791 1248 apud
818 1155 995 1230 Gellium:

108 1301 184 1348 „-
210 1259 374 1331 lllundus
401 1260 492 1329 coeli
519 1266 644 1330 vastus
671 1259 830 1330 cdnstitit
854 1260 1008 1346 silentio,

108 1362 152 1432 Et
166 1361 358 1453 Neptunus
381 1361 513 1432 saevus
529 1363 634 1430 undis
651 1351 791 1452 risperis
811 1351 963 1452 pausdm
983 1363 1098 1454 dedit3

109 1464 171 1534 Sdl
198 1466 305 1557 equis
330 1464 398 1532 iter
422 1463 595 1552 repressit
619 1463 764 1554 lingulis
789 1453 1016 1555 vulrintibus3

109 1563 311 1636 Cdnstitere
321 1565 444 1634 amnes
454 1585 642 1655 perennes,
652 1554 801 1636 air-bores
813 1566 920 1635 ventd
930 1571 1100 1638 vacant.“

71 1663 268 1740 certissime
304 1675 425 1737 autern
466 1673 625 1753 constat,
666 1673 811 1759 togatas
850 1675 1098 1757 praetextatas

71 1771 307 1859 composuisse
339 1767 669 1857 praestantissimos
702 1765 951 1839 Romanorum
989 1770 1098 1862 tragi-

71 1891 139 1956 cos,
167 1868 220 1940 Μ.
247 1868 501 1941 Pacuvium
528 1877 565 1939 et
588 1867 634 1940 L.
660 1870 854 1958 Attium3
894 1869 991 1957 item,
1019 1867 1098 1942 Gu-

71 1971 239 2042 riatium
267 1968 543 2055 Maternum,
579 1978 759 2041 oratorem
794 1979 830 2040 et
854 1970 1001 2061 politam
1027 1980 1097 2042 tra·

73 2073 187 2162 prum.
240 2071 530 2143 Maecenatis
556 2071 725 2141 laudatur
750 2068 965 2159 Octavia,
991 2095 1099 2165 quam

71 2173 170 2244 fuisse
193 2180 480 2267 praetextatam,
517 2173 612 2243 sicut
646 2179 829 2242 auctorem
856 2174 935 2243 eius
962 2175 1098 2246 clarum

72 2273 156 2345 illum
180 2275 222 2348 C.
242 2273 417 2361 Cilnium,
443 2274 539 2344 infra
555 2275 709 2364 probare
726 2274 944 2345 conabimur.
981 2273 1098 2347 Unam

72 2387 284 2466 praetextam
316 2378 424 2448 ctiam
456 2377 505 2446 A.
539 2373 733 2446 Persius
765 2375 980 2464 Flaccus,
1013 2379 1098 2448 sati·

75 2499 180 2550 rarum
204 2487 337 2572 pue'ta,
375 2477 533 2548 edidisse
557 2477 684 2548 fertur.
737 2477 837 2556 Quin
863 2485 1007 2568 praeter
1031 2479 1099 2552 hus

76 2580 167 2651 ctiam
189 2579 358 2652 nonnulli
383 2580 444 2650 alii
469 2580 707 2670 praetextatis
732 2580 931 2650 scribendis
952 2602 1099 2671 operam

76 2679 231 2770 dederint,
261 2705 337 2752 uon
362 2689 418 2750 est
443 2683 542 2772 quod
568 2682 781 2751 dubitemus.
833 2679 973 2750 Saltem
993 2705 1099 2753 ncmu

76 2777 187 2853 hurum
220 2792 513 2854 enumeratorum
541 2791 687 2874 propter
712 2795 851 2873 tempus
877 2782 1101 2855 interiectum

76 2881 168 2972 illam,
195 2886 355 2956 aBalbo
383 2892 575 2975 quaestore
600 2883 767 2975 positum,
795 2885 953 2954 scribere
973 2887 1100 2977 potuit.

76 2980 185 3078 Neque
219 2989 281 3058 hic
314 2981 576 3077 praetereunda
602 2995 674 3072 est,
707 3008 800 3076 quae
826 2987 944 3056 adhuc
969 2995 1100 3078 exstat,

78 3080 273 3162 Octavia.
325 3085 443 3158 Porro
471 3109 493 3155 a
518 3085 715 3157 scholiasta
738 3085 889 3179 Cruquii
905 3087 971 3183 ²²⁵)
998 3111 1101 3179 prae·

77 3193 217 3261 testatas
245 3196 283 3260 ct
308 3197 452 3281 togatas
479 3189 727 3278 composuisse
753 3189 919 3259 dicuntur
936 3191 1102 3262 Aelius

78 3284 238 3379 Lamia,
274 3290 507 3360 Antonius
541 3289 707 3376 Rufus,
744 3287 817 3360 Cn.
846 3286 923 3384 (0.)
951 3287 1103 3363 Melis-

78 3408 157 3477 sus,
181 3393 427 3478 Afranius,
453 3388 752 3482 Pomponius3
777 3399 817 3461 ut
842 3392 1014 3478 omittam,
1042 3393 1104 3487 qui

78 3500 147 3576 post
170 3494 365 3564 Afranium
392 3500 639 3578 enumeratur,
675 3493 965 3576 Africanum,
1007 3495 1104 3587 quud

79 3610 212 3681 numen,
241 3604 358 3665 ortum
385 3616 432 3664 ex
458 3595 565 3664 simili
591 3595 735 3665 nomine
762 3596 1013 3682 antecedente,
1041 3618 1103 3666 ex·

79 3699 295 3786 pungendum
318 3718 399 3766 esse
416 3697 494 3766 iure
509 3697 671 3766 nonnulli
687 3705 911 3766 monuerunt.
946 3695 1104 3768 Eosdem

81 3797 185 3866 tamen
211 3797 411 3889 eodemque
438 3798 564 3866 ordine
590 3798 690 3868 Acro
706 3797 771 3892 ²²⁶)
798 3805 1002 3891 togatarum
1028 3803 1105 3868 tan·

42 3955 44 3982 ³
82 3897 146 3965 tum
168 3901 360 3990 scriptores
386 3907 570 3988 recenset3
607 3921 651 3969 ac
683 3899 807 3969 dubito
835 3921 922 3971 sane
950 3922 1030 3969 cum
1055 3902 1104 3971 A.

85 4039 369 4058 ‘'-n--ass———n-a-—v—u-

155 4096 230 4180 224)
256 4100 370 4158 Satura.
393 4099 440 4158 Vl.
461 4106 489 4160 2.
517 4135 558 4146 -
592 4097 669 4181 Μ)
698 4101 734 4160 ad
756 4100 855 4160 Horat.
877 4100 966 4178 Epist.
989 4101 1026 4160 ad
1046 4101 1105 4170 Pis.

87 4179 145 4239 ²88.
168 4215 209 4228 -
240 4181 314 4264 226)
336 4184 448 4244 ibidem.

842 4282 863 4346 5
994 4243 997 4253 .
