2772 4968
1029 369 1110 450 leo

76 549 180 610 librario
209 549 297 609 mel
326 555 433 610 naun
464 555 511 609 est
536 548 640 630 posita.
666 581 711 596 -
737 548 961 628 ayntbetiels
989 547 1110 632 egregie

75 635 185 694 coniecit
209 635 369 695 Palmerius
395 636 425 694 in
453 633 606 716 spicileg„
640 634 723 696 Grut.
745 635 837 695 Thes.
865 634 929 694 erit.
957 635 997 694 T.
1010 635 1109 714 lv.·p.

74 727 137 782 779.
178 719 257 780 Libri
288 720 364 780 rint
394 729 429 780 et
458 719 561 779 (licis.
604 720 663 778 Pro
685 719 808 779 otton.
830 739 921 802 marg.
943 726 990 779 ut.
1012 720 1110 780 -ln

75 805 133 864 l'en.
154 805 175 863 l.
195 805 232 864 ll.
263 805 332 866 Par.
355 811 385 866 et
411 825 457 886 ap.
480 805 578 884 Stepb.
605 805 693 866 rerba
720 805 888 866 Titinius
915 811 970 865 etc.
1000 804 1111 864 desida-

72 900 166 950 rantur.
202 924 246 935 -
279 888 590 972 Syntbetioishid
621 898 682 962 est,
716 890 904 961 coemeteriis,
937 889 1108 950 domesticis.

75 975 233 1056 intelligitur
256 993 295 1034 ex
307 977 361 1036 boc
376 976 456 1049 loco,
478 975 627 1054 syntheses
644 975 733 1034 fuisse
754 995 792 1035 ex
813 975 970 1034 tunicarum
991 993 1110 1056 genere.

70 1060 109 1117 At
132 1060 301 1119 metentium
322 1067 388 1140 apte
408 1059 529 1120 Rubrius
551 1068 662 1130 monet,
699 1060 781 1144 tangi
809 1059 937 1120 exterius
964 1060 1106 1140 pulchros,

71 1143 178 1204 interius
199 1145 341 1204 sordidos.

548 1297 623 1357 vul.
714 1363 716 1370 Α

143 1413 245 1474 Festus
266 1433 294 1476 v.
317 1413 459 1485 Oscum,
490 1415 593 1474 Sebed.
616 1435 643 1494 p.
658 1421 699 1476 st
721 1413 767 1474 erl.
789 1414 909 1476 Decea:
936 1415 995 1489 „ln
1018 1416 1108 1477 omni·

71 1496 115 1556 lus
139 1497 199 1558 fere
228 1499 354 1578 antiquis
382 1500 590 1560 commentariis
617 1498 751 1560 scribitur
772 1499 914 1580 Opicum
940 1519 992 1581 pro
1020 1501 1106 1580 Osco,

70 1583 141 1642 utin
162 1583 269 1644 Titinii
290 1581 389 1644 sabula
409 1584 532 1649 bnon:

113 1733 186 1814 (bai
211 1701 329 1831 (bpiee
363 1745 399 1808 et
423 1735 559 1810 Volsco
591 1734 817 1826 ftbulantur3
855 1729 941 1810 nim
960 1735 1107 1811 -Latine

592 1840 767 1910 nesciunt.
778 1845 801 1882 “

70 1952 174 2014 Paullus
199 1975 237 2016 ex
261 1956 351 2015 Festo
378 1977 405 2016 v.
428 1956 569 2015 Oscum:
602 1957 776 2035 „Opicum
807 1975 919 2040 quoque
950 1955 1106 2018 invenimus

70 2058 113 2118 pro
133 2041 215 2100 Osco.
253 2073 295 2086 --
325 2041 470 2099 Titinius:
502 2040 612 2119 Opica
639 2051 675 2100 et
696 2042 856 2101 Volsce“
879 2047 933 2100 etc.
977 2043 1106 2121 Utroque

70 2123 123 2183 loco
143 2125 372 2205 apud'l'itinium
393 2126 500 2207 legitur
521 2125 626 2196 llsce,
649 2127 724 2204 quod
745 2125 863 2184 Botbius
885 2126 1017 2187 servavit.
1046 2127 1107 2188 snt

71 2207 94 2266 id
112 2219 274 2292 corruptum
296 2229 360 2270 esse
381 2217 438 2269 tom
466 2229 504 2269 ex
526 2209 603 2268 l'esti
625 2229 708 2288 qoam
732 2230 769 2270 ex
790 2209 883 2268 Paulli
904 2210 997 2270 verbis
1019 2231 1106 2291 appe·

71 2303 114 2353 ret.
154 2297 215 2356 los.
244 2295 379 2376 Scaliger
409 2295 560 2354 restituere
587 2295 677 2354 voluit
704 2296 853 2374 Opscum
884 2295 959 2374 apud
979 2297 1105 2369 Festum,

71 2385 96 2435 et
114 2380 223 2460 bpsee
247 2379 491 2460 upud'l'itinium3
513 2397 586 2458 quae
607 2380 763 2458 scriptura,
784 2379 851 2438 lieet
872 2380 901 2438 iu
923 2381 1033 2440 schedis
1054 2401 1106 2442 ex·

71 2470 119 2522 stet
138 2467 262 2539 obsce,
290 2464 335 2524 bic
356 2464 400 2525 vel
422 2471 574 2544 propterea
596 2465 797 2524 dubitationem
819 2471 928 2536 movet,
955 2467 1030 2544 quod
1050 2467 1105 2526 Fe·

7 2609 9 2626 ,
71 2556 123 2607 stus
142 2552 235 2629 paullo
261 2557 326 2629 post
348 2549 376 2608 in
400 2551 497 2626 eodem
520 2549 621 2622 verbo,
644 2549 747 2608 Sebed.
768 2571 796 2629 p.
808 2557 863 2621 86,
885 2550 998 2609 scribit:
1025 2553 1104 2626 „os-

71 2651 125 2706 ιιι,
155 2655 226 2714 quos
257 2635 387 2706 dicimus,
419 2634 460 2694 ait
482 2634 597 2692 Verrius
619 2633 756 2714 0psoos
783 2640 868 2692 antea
892 2635 998 2707 dictos,
1029 2644 1105 2697 teste

72 2717 167 2793 llnnb,
197 2719 284 2800 Ιιιιιιιιιι
318 2719 410 2780 dicat:
441 2719 492 2778 Ile
518 2719 629 2778 muria
656 2739 715 2780 res
735 2719 835 2800 gerit
855 2718 1028 2798 Opscu.“
1071 2721 1105 2781 Si

8 2799 9 2806 ’
72 2803 132 2861 enim
153 2805 356 2887 grammaticus
377 2804 472 2885 paullo
494 2811 561 2862 ante
583 2805 719 2876 dixisset,
756 2805 845 2863 0soos
872 2805 1026 2884 subquitus
1047 2807 1105 2886 0p·

71 2905 125 2946 soos
151 2891 310 2970 appellatos
339 2909 419 2960 esse,
452 2888 498 2948 bic
526 2908 582 2948 non
612 2889 683 2948 idem
711 2909 773 2948 eum
799 2889 982 2968 repetiturum
1014 2889 1105 2952 tuisse

71 2975 202 3048 probabile
230 2982 286 3036 est.
340 2974 482 3040 Quocirca
503 2994 560 3033 non
583 2974 707 3034 dubitavi
729 2994 789 3034 cum
811 2973 933 3035 Docerio
955 2976 1030 3054 apud
1050 2977 1105 3036 'ri-

72 3056 159 3118 tiniuna
187 3061 341 3121 restituero
362 3060 490 3140 θρίοις
520 3059 556 3118 sle
577 3078 632 3138 quo
653 3059 740 3120 verbo
768 3059 824 3120 vid.
846 3058 940 3120 Vossii
960 3061 1104 3139 lllymolo·

70 3160 155 3222 &¹⁰⁰³-
197 3213 201 3219 .

469 3259 699 3285 ...Ψ-...-

144 3347 189 3407 lla
220 3345 405 3426 inscriptione
437 3346 520 3405 buius
551 3343 663 3406 fabulae
689 3344 845 3406 Mercarius
875 3347 911 3406 nd
941 3345 1044 3432 fragm.
1066 3350 1105 3410 Ι.ι

72 3429 274 3497 „Titinnius
295 3432 328 3490 in
352 3429 507 3512 Quinto)
540 3432 584 3490 lta
604 3430 704 3510 scripsi
726 3438 841 3490 secutus
867 3429 951 3492 fidem
971 3433 1106 3494 librorum

72 3510 252 3596 infraenpite
274 3523 392 3596 quarto,
425 3517 453 3574 in
476 3517 528 3576 bac
549 3520 611 3594 ipso
639 3537 664 3576 v.
687 3515 821 3575 delion:
851 3517 899 3576 ubi
930 3517 984 3578 boc
1015 3519 1105 3598 ipsum

72 3603 221 3681 exemplum
242 3601 391 3661 adducitur
412 3620 450 3659 ex
465 3600 590 3660 Titinnii
611 3601 729 3666 Quinto.
752 3620 852 3660 nomen
873 3602 902 3660 id
923 3601 1036 3673 fabulum
1051 3601 1106 3663 Ti·
1212 3641 1215 3650 ·

72 3681 205 3746 tinnianoe
227 3686 430 3746 restituendum
453 3684 528 3746 infra
548 3706 578 3750 v..
598 3685 777 3757 delicere,
797 3684 987 3760 festinem,
1015 3694 1045 3746 at
1065 3686 1106 3746 li·

73 3764 242 3830 bertatem
272 3769 334 3844 oti,
365 3771 414 3830 ubi
441 3769 527 3842 male,
559 3769 654 3830 libro
685 3770 821 3849 quinto.
864 3770 970 3830 Mansit
991 3771 1020 3830 in
1041 3771 1106 3832 Pri·

74 3851 160 3912 scinno
186 3856 234 3915 lib.
250 3855 351 3914 vltl.“
393 3855 475 3934 Apud
496 3854 673 3913 Priscianum
693 3875 751 3913 non
774 3862 818 3914 est
846 3855 954 3915 libro.
969 3855 1106 3934 quinto,

74 3936 156 3996 editur
185 3940 219 3999 in
250 3941 386 4020 quinto.
430 3940 522 4005 Quum
544 3937 618 3998 istud
641 3959 741 3998 nomen
763 3959 815 4019 pro
836 3939 899 3999 libri
921 3959 1036 4000 numero
1058 3961 1107 4002 ec-

74 4022 222 4098 cepissent,
253 4033 355 4106 postea
385 4043 425 4082 ex
450 4024 475 4081 V
506 4031 597 4083 ortum
624 4030 670 4083 est
697 4025 781 4083 etiam
809 4024 847 4083 tv
874 4030 904 4083 et
930 4023 978 4083 Vl.
1021 4025 1106 4088 Vidd.

75 4102 194 4187 irogmns.
217 4110 249 4168 V.
273 4111 318 4168 vt.
361 4109 438 4169 idem
459 4127 541 4168 error
560 4103 690 4170 effecisse
712 4108 837 4180 videtur,
858 4115 891 4170 ut
906 4109 981 4188 apud
991 4110 1107 4171 Festum

77 4185 182 4274 (fragm
199 4192 286 4276 Vlll.)
308 4193 480 4255 scriberetur
501 4193 642 4273 quinta,
664 4212 747 4274 quum
769 4193 950 4254 antecederet
969 4191 1106 4268 fabulo,

832 4292 854 4356 9
