2790 4970
1040 355 1122 438 267

566 529 620 592 XV

145 628 322 712 'Noniumm
337 633 400 692 ⁴27
415 632 462 692 cd.
479 629 583 694 More:
605 629 781 706 „Priores
802 635 833 690 ot
852 630 1029 712 primores
1048 631 1121 692 hanc

80 713 178 774 iubent
211 715 421 778 diversitatem:
457 715 567 794 priores
594 715 668 775 enin
698 714 881 795 comparativi
910 722 977 776 snat
1002 717 1120 798 gradun,

80 799 211 876 prinmcs
232 819 360 864 summae
381 819 509 882 quaeque
530 819 588 860 rer.
609 831 651 844 -
692 800 828 860 Afranius
854 799 883 861 in
897 865 904 890 ν
918 799 1055 880 vopiscos

801 939 853 956 --
877 899 1062 994 Apagcsis
1184 986 1189 998 Ι

125 993 272 1076 clivum
294 1008 413 1074 tunnas
441 1002 600 1076 animum
624 1001 662 1074 in
683 1001 829 1076 uiribus
849 996 1069 1096 primdribus

124 1099 199 1172 vm
223 1093 361 1194 pdrtuli
387 1104 562 1195 edepoi.“
587 1144 639 1156 -

79 1202 265 1285 Apageris.
317 1205 379 1266 did.
412 1205 479 1264 Bas.
510 1206 634 1286 Apage
661 1203 744 1264 ucis.
772 1239 817 1250 --
848 1203 982 1265 Clivum
1013 1211 1118 1264 tunm.

79 1286 136 1346 nlo.
167 1288 300 1349 clivum
329 1297 407 1347 tum.
443 1289 510 1348 Jun.
538 1289 717 1349 clientum.
760 1289 916 1349 Mercarius
943 1289 1031 1348 edidit
1058 1291 1118 1350 cii-

79 1379 234 1445 rnntum,
267 1381 423 1444 annotans,
455 1373 483 1434 in
506 1374 586 1434 codd.
609 1393 673 1436 esse
694 1373 893 1435 olivantun
916 1373 960 1434 vei
983 1374 1119 1434 clivam

80 1463 153 1517 turn.
180 1490 222 1502 -
258 1457 393 1518 nonius:
427 1458 625 1533 „Animum
653 1459 748 1519 vitan.
801 1457 900 1518 Paene
931 1459 1119 1518 exanimatum

79 1539 122 1598 illc
141 1560 173 1600 se
194 1541 266 1602 dicit
287 1543 465 1604 ascendendo
487 1543 575 1619 cliro,
603 1561 755 1624 perquem
777 1543 813 1606 ad
835 1543 944 1602 domum
966 1537 1126 1604 interlocu·'

80 1623 145 1684 toris
165 1625 421 1706 perveniebatur.“

156 1823 269 1906 Nonius
290 1848 318 1907 p.
333 1831 394 1890 483
413 1827 457 1888 ed.
473 1827 577 1889 Mero:
599 1829 781 1903 „Moratm
803 1829 880 1907 quod
900 1834 944 1888 est
964 1829 1116 1910 morigera,

81 1911 108 1964 rt
124 1927 271 1972 morosa
292 1913 365 1972 hono
385 1911 489 1973 habent
510 1913 686 1985 distantiam,
707 1913 782 1991 qnod
803 1931 917 1973 morose
938 1921 983 1972 est
1004 1921 1118 1973 contra·

80 1990 125 2050 riis
145 2001 175 2052 et
195 1997 341 2075 perversis
362 1998 495 2057 moribus.
537 1995 672 2056 Afranius
693 1997 721 2056 in
743 1996 882 2076 vopisco:

124 2075 223 2150 Dum
249 2083 309 2152 md
334 2082 571 2175 morigeram,
604 2083 689 2154 diam
715 2104 897 2152 morosam
918 2071 1090 2172 praebeo,

125 2175 271 2254 Deinde
298 2175 434 2277 aliquio
460 2184 583 2255 dedita
608 2175 722 2276 ‹ipera
748 2184 1016 2254 controvdrsiae

7 2345 9 2352 s
126 2277 334 2372 concinno,
366 2286 473 2358 laedo
499 2287 675 2357 inttrdnm
702 2275 974 2356 contumeliis.“

82 2375 156 2439 Duru
178 2404 228 2444 nro
251 2385 478 2467 morigeram.
521 2387 602 2447 Libri
622 2388 706 2446 Dum
729 2385 956 2466 morigeram,
986 2384 1118 2445 omitten-

82 2467 120 2522 te·
139 2487 295 2545 pronomen
317 2490 381 2543 mo,
401 2472 477 2550 qnod
499 2478 528 2530 et
549 2471 691 2531 sententia
712 2479 742 2530 et
761 2490 861 2532 versus
877 2468 998 2551 flagitat.
1027 2470 1115 2530 Mero.

81 2544 241 2616 hannon.
272 2556 357 2614 Dum
377 2577 446 2615 non
468 2557 690 2637 morigeram.
732 2556 818 2614 Both.
846 2555 934 2613 Turn
965 2555 1117 2636 morige-

83 2648 156 2694 ram.
177 2671 221 2683 —
243 2641 330 2700 dum.
360 2640 427 2699 Jnn.
448 2647 597 2723 margot
618 2641 703 2700 dun.
735 2640 820 2698 Both.
843 2646 920 2698 tum.
942 2671 984 2683 —
1006 2639 1114 2698 Veni·

82 2713 113 2773 ΙΙ·
141 2720 208 2782 Par.
230 2745 290 2786 non
310 2725 416 2786 habent
440 2724 613 2786 Afranius
641 2731 696 2786 etc.
717 2755 759 2770 -··
793 2723 884 2782 Verba
910 2723 1046 2784 Deinde
1073 2757 1116 2768 —

84 2799 263 2868 concinno
286 2829 323 2869 ex
345 2810 442 2870 eadem
464 2809 560 2871 tabula
580 2818 723 2890 ponuntur
743 2808 828 2867 etiam
849 2830 877 2888 p.
892 2812 952 2870 529
975 2827 1019 2887 ap.
1041 2807 1115 2868 Non.

84 2900 107 2942 V·
128 2887 260 2969 Opera,
292 2894 341 2956 ubi
369 2895 543 2974 antiquiores
569 2896 632 2956 cdd.
655 2893 779 2955 offerunt
800 2892 937 2953 Deinde
958 2893 1049 2971 qaod
1071 2893 1117 2953 vel

82 2964 211 3038 lieiude
240 2979 276 3038 id
302 2981 392 3058 quod
414 2987 469 3040 etc.
512 2981 629 3062 Opera
649 2979 833 3062 grammatico
855 2977 901 3038 hic
927 2984 972 3036 est
992 2977 1114 3048 occasio,

83 3049 208 3134 facultas,
244 3064 457 3142 opportunitar3
489 3066 539 3124 scd
570 3067 644 3144 apud
676 3063 821 3124 Afranium
852 3059 976 3122 dedita
1005 3083 1117 3142 opera

83 3145 171 3212 procul
193 3147 279 3207 dnbio
308 3155 366 3220 cst,
396 3156 429 3207 nt
450 3147 526 3221 iere,
559 3151 600 3210 do
626 3150 820 3211 industrie.
863 3148 1001 3207 Videntur
1022 3155 1116 3207 autern

83 3225 162 3286 verba
182 3232 271 3293 allata
291 3233 446 3292 meretricis
468 3253 541 3294 csse.

552 3349 642 3410 xvn.

159 3446 269 3510 Nonius
297 3471 325 3529 p.
343 3454 406 3512 478
428 3451 472 3511 ed.
493 3452 598 3512 diere:
629 3451 827 3526 „Nutritur
853 3458 882 3510 et
908 3448 1118 3510 nutricatur

85 3541 129 3598 1³1⁰
150 3535 239 3592 nutrit
259 3540 289 3594 et
310 3535 440 3596 nutricat.
462 3569 505 3582 -
524 3535 659 3596 Afranius
680 3534 709 3594 in
733 3534 869 3615 vopisco:

127 3609 220 3694 Nam
245 3621 446 3695 nutricatur
471 3622 614 3694 oliva.“

545 3771 649 3834 xvllt.

157 3865 270 3932 Nonius
296 3893 324 3954 p.
342 3881 406 3936 490
427 3873 472 3936 ed.
493 3874 597 3934 Mero:
626 3871 816 3949 „Tumuiti
837 3891 890 3951 pro
911 3871 1055 3936 tumuitus.
1076 3903 1121 3917 -

86 3940 211 4013 Afranius
232 3955 261 4017 in
283 3957 423 4038 Vopiseoz

131 4032 241 4129 Etru,
267 4042 465 4136 quoiast
497 4035 613 4134 Perii,
634 4031 959 4216 perfimigigiim'd
976 4039 1120 4114 tumulti

684 4167 780 4216 exau
806 4167 831 4216 n
