2772 4968
7 979 15 1046 l

519 949 638 963 *—

162 1066 288 1139 Pauca
320 1069 426 1142 nobis
451 1077 595 1141 veteres
629 1071 852 1142 tradiderunt
881 1074 927 1146 de
953 1071 1024 1144 hoc
1049 1084 1102 1145 to·

7 1167 8 1190 ²
74 1177 224 1264 gatamm
250 1180 379 1264 poeta,
420 1173 523 1242 cuius
549 1195 680 1242 nornen
706 1181 781 1243 tum
815 1175 854 1243 in
879 1175 1035 1268 antiquis
1061 1177 1103 1246 li.

7 1337 8 1340 ,
73 1275 136 1344 bris
167 1279 242 1342 tum
276 1295 299 1342 a
333 1273 421 1343 viris
454 1276 570 1344 doctis
603 1276 711 1345 modo
740 1273 947 1348 Titinius
979 1279 1102 1366 modo,

73 1384 104 1444 et
131 1375 238 1444 multo
275 1375 421 1466 saepius
454 1375 596 1465 quidem
605 1421 623 1462 ,-
651 1375 890 1448 Titinnius
923 1379 1100 1450 scribitur.

7 1529 9 1570 ,
73 1475 137 1548 Sed
161 1499 247 1547 vere
276 1500 359 1546 eum
386 1475 562 1546 Titinium
589 1479 807 1570 appellatum
833 1503 932 1566 esse,
973 1481 1101 1552 intelli·

7 1599 9 1616 *
73 1580 156 1670 gitur
174 1602 193 1647 e
210 1577 343 1648 Sereni
360 1576 584 1648 Sammonici
602 1581 647 1650 de
663 1579 719 1650 Re
740 1582 881 1652 medica
901 1605 979 1674 cap.
995 1582 1100 1654 ΗΧ.

72 1681 119 1750 ed.
138 1679 356 1766 Burmann,
392 1680 455 1749 ubi
476 1683 521 1750 de
547 1682 744 1751 infantibus
772 1685 1013 1756 dentientibus
1040 1685 1102 1756 vel

72 1783 168 1875 strige
192 1779 401 1874 inquietatis
428 1781 580 1855 v.1044
602 1805 677 1877 sqq.
711 1783 803 1854 baec
828 1786 1012 1878 leguntur:

8 1869 9 1928 3
112 1879 342 1971 ,',Praeterea
367 1881 398 1952 si
424 1885 519 1954 forte
544 1887 674 1974 premit
699 1886 791 1956 strix
818 1898 898 1954 atra
921 1887 1075 1978 puellos,

8 1979 9 2056 ἶ
111 1983 240 2056 Virosa
267 1985 483 2075 immulgens
510 1986 664 2056 exsertis
689 1988 803 2056 ubera
824 1988 948 2076 labris,

112 2087 205 2156 Allia
230 2086 417 2178 praecepit
443 2085 557 2156 Titini
583 2087 762 2156 sententia
789 2088 896 2174 necti,

113 2185 182 2266 oni
208 2189 327 2258 veteri
353 2187 471 2258 claras
498 2188 676 2278 expressit
699 2209 801 2258 more
827 2195 980 2281 togatas.
989 2193 1014 2234 “
1151 2239 1156 2250 ·

71 2285 107 2358 ln
128 2290 229 2360 tertio
258 2289 389 2360 horum
414 2311 587 2360 versuum
613 2292 791 2380 reperitur
815 2292 958 2382 quidem
991 2292 1099 2364 etiam

7 2459 9 2464 ,
72 2393 184 2462 tundi
216 2415 286 2484 pro
321 2389 471 2460 Titini
512 2398 548 2459 et
579 2389 715 2462 Vecti
745 2415 811 2482 pro
845 2394 987 2484 necti;
1032 2397 1098 2478 sed

71 2492 214 2586 plerique
241 2515 370 2564 omnes
392 2492 536 2562 codices
557 2515 704 2564 versum
730 2494 901 2580 offerunt,
928 2497 1098 2586 quemad·

8 2659 9 2688 ἶ
71 2597 201 2666 modum
232 2617 303 2666 nos
330 2617 414 2664 eum
438 2617 521 2664 eum
545 2593 755 2668 Burmauuo
781 2597 1000 2688 scripsimus.
1050 2597 1100 2668 Et

69 2705 154 2766 reete
176 2717 218 2767 se
241 2697 379 2766 habere
395 2694 562 2782 Titini,
589 2699 695 2766 docet
716 2697 824 2766 etiam
844 2719 1001 2790 sequens
1017 2721 1098 2768 ver·

69 2817 137 2884 sus,
162 2799 222 2891 qui
250 2799 442 2868 manifesto
465 2797 616 2884 indicat,
641 2797 679 2868 iu
706 2800 1001 2869 antecedentibus
1025 2823 1099 2870 non

69 2899 202 2987 medici,
248 2899 314 2970 sed
346 2905 550 2990 togatarum
576 2899 761 2991 scriptoris
786 2923 917 2971 nomen
941 2902 1100 2992 positum

70 3021 149 3072 esse.
215 2999 295 3078 Qui
334 3001 428 3070 euim
461 2998 595 3071 Veeti
635 3002 912 3090 substituerunt,
951 3011 1100 3095 propter

69 3121 227 3173 versuum
263 3108 512 3193 argumentum
544 3101 725 3192 cogitasse
756 3104 923 3174 videntur
955 3106 1000 3174 de
1025 3103 1098 3176 Ve-

7 3271 9 3276 ,
70 3203 130 3274 ctio
155 3200 315 3300 (Vettio)
342 3201 497 3274 Valente
522 3204 682 3290 medico,
716 3207 858 3296 dequo
885 3206 957 3276 vid.
986 3202 1098 3279 Glan-

7 3289 9 3352 3
71 3303 158 3396 dorp.
191 3303 383 3402 Onomast.
416 3304 498 3376 hist.
526 3301 632 3374 Rom.
664 3327 701 3375 u.
727 3304 891 3377 Vectii.
943 3307 1099 3380 Bothius

7 3949 9 4012 Ξ
70 3910 212 3998 dicauit,
233 3915 409 4005 ⁴ineptam
442 3913 565 3984 dicens
600 3911 790 3984 lectionem
824 3916 957 3986 necti.
1006 3916 1098 3988 For·
1199 3974 1206 3989 .

69 3409 196 3494 tamen,
235 3406 294 3476 cui
330 3407 547 3476 auscultavit
572 3405 806 3476 Weichertus
833 3411 878 3478 de
904 3407 1004 3480 Titio
1031 3409 1098 3482 Se·

69 3507 181 3601 ptimio
214 3515 323 3599 poeta
354 3531 389 3598 p.
411 3502 453 3593 5,
491 3530 572 3577 cum
605 3506 747 3577 Jacobs
773 3507 928 3580 Nicolao
961 3510 1099 3581 Loensi

70 3601 261 3680 lliscellun.
296 3608 501 3700 epiphyllid.
537 3607 605 3679 lX.
634 3610 701 3696 18,
739 3605 843 3682 Grut.
872 3609 986 3683 Thes.
1020 3611 1097 3682 crit.

71 3704 109 3779 T.
131 3709 174 3780 V.
202 3735 237 3802 p.
261 3711 355 3796 672,
398 3733 446 3782 ex
478 3710 585 3780 nnius
611 3709 762 3780 huiusce
795 3713 867 3782 loci
899 3715 1100 3804 depravata

70 3811 238 3902 scriptura
263 3812 410 3883 Titinio
427 3834 646 3902 praenomen
673 3809 802 3910 Vectio
828 3812 985 3911 (Vettio)
1020 3815 1097 3885 vin-
1173 3876 1178 3885 .

69 4017 156 4084 tasse
183 4017 287 4085 aliter
312 4016 507 4087 iudicasset
532 4015 589 4086 vir
614 4016 761 4103 doctus,
801 4015 834 4086 si
866 4018 900 4086 ei
924 4017 1098 4090 innotuis·

70 4121 157 4204 sent,
184 4137 275 4210 quae
302 4119 349 4188 ad
369 4118 489 4190 locum
514 4116 767 4209 explicandum
792 4119 978 4191 annotavit.
995 4118 1097 4194 Keu-

831 4233 854 4295 7
1061 4234 1068 4246 ,
1148 4236 1154 4251 ,
1249 4228 1254 4237 .
