2790 4970
1035 369 1117 450 2⁷3

91 543 156 623 quot
175 543 320 624 apulsus
341 543 444 616 oonis3
465 551 497 604 ot
517 561 637 604 eonas
658 543 791 604 dicuutur
812 543 915 624 oapllli,
937 563 999 606 euur
1020 544 1116 626 aliquo

91 649 149 688 rura
175 629 329 708 sumpositi.
373 630 557 708 Gomptuu
590 627 725 688 Afranius
746 649 798 708 pro
821 639 924 691 ornatu
946 639 976 690 et
997 633 1113 693 oxuultu

90 714 200 812 posuit.“
242 717 431 793 Gompturu.
469 714 549 773 Libri
576 715 750 774 Couituus.
789 715 924 774 Correxit
950 717 1031 777 Fulv.
1058 718 1114 776 Ur·

89 800 166 860 uiuus.
199 801 353 860 Praetereo
378 799 467 880 vulgo
495 799 570 858 istud
600 817 662 858 eum
684 800 865 878 sequentibus
886 800 980 861 verbis
1001 801 1116 860 subiun-

89 883 158 964 gutur
176 883 222 942 alu
243 885 323 944 loeo
359 885 549 956 „Couitum
578 879 636 964 (vel
659 885 863 964 Courptum
891 886 965 964 quod
987 886 1115 965 praefert

88 967 241 1050 liuterius),
273 989 367 1050 genus
387 969 544 1040 libaminis,
576 969 651 1048 quod
671 969 765 1028 farina
786 989 939 1049 conspersa
959 969 1114 1034 iaciebant.

89 1054 204 1112 Couituur
232 1053 394 1114 Afranius“
416 1061 470 1114 eto.
513 1010 667 1113 liauiiesto
699 1055 786 1115 verbu
813 1056 977 1115 Couitun
1005 1054 1114 1137 (Gom-

87 1145 159 1210 tum,
180 1136 376 1219 compton)
399 1171 440 1184 -
463 1138 600 1218 posuit,
623 1158 660 1199 ex
682 1139 731 1199 illo
752 1140 815 1198 loco
837 1142 944 1214 avulsa,
965 1160 1112 1222 perperam

87 1223 142 1283 iaie
160 1224 254 1284 ssldits
275 1231 352 1301 suut,
374 1231 407 1283 ut
426 1231 506 1284 reete
526 1224 666 1285 Ducarius
687 1233 816 1286 annotat.

568 1376 617 1436 w.

156 1495 271 1554 Paullus
299 1514 336 1556 ex
358 1495 461 1554 Festo:
491 1493 731 1566 „illustrioola
759 1500 804 1553 est
830 1495 988 1557 machinula
1009 1517 1047 1558 ex
1067 1505 1120 1558 re·'

84 1578 158 1658 gulis,
178 1581 207 1639 iu
228 1599 286 1660 quo
308 1581 419 1639 calceus
441 1599 532 1640 novus
553 1580 654 1640 suitur.
696 1577 847 1640 Afranius:

221 1724 274 1735 —
299 1660 552 1754 Musirioolam
577 1682 613 1751 in
639 1683 763 1754 dentes
789 1673 988 1776 impingsim
1011 1683 1115 1756 tibi.“

84 1799 215 1882 Scaliger:
238 1801 376 1874 „luveuio
399 1800 427 1858 in
450 1801 561 1860 Glossis
583 1799 695 1859 Lotiois
719 1799 858 1882 (isidori),
880 1800 1111 1874 Mustrieula,

83 1887 232 1946 uaelrina
261 1886 305 1946 ud
336 1885 573 1967 stringendos
600 1905 722 1944 mures.
767 1887 804 1942 Rt
829 1892 899 1964 puto
920 1904 1017 1945 verum
1038 1905 1112 1946 esse.

83 1967 144 2028 Nom
172 1972 280 2052 lignum
318 1971 385 2029 illul
420 1971 456 2030 od
488 1971 599 2029 calceos
626 1971 750 2030 suendos
781 1990 799 2030 a
830 1970 1011 2028 similitudine
1037 1970 1113 2030 illius

83 2056 213 2116 machinae
241 2057 345 2116 dictum
373 2055 515 2116 videtur.“
558 2055 662 2126 „Quod
685 2055 812 2134 placet,“
834 2054 923 2134 inquit
945 2055 1062 2114 Vossius
1084 2055 1114 2116 io

82 2137 189 2216 lltyuol.
210 2142 237 2200 h.
260 2162 299 2212 v.,
320 2147 374 2214 „ut
395 2140 433 2199 sit
454 2159 472 2200 a
493 2159 565 2198 mus
587 2146 617 2200 et
638 2139 792 2221 stringo.
821 2139 847 2198 N
869 2139 1009 2212 omissum,
1031 2147 1063 2198 ut
1083 2139 1114 2200 io

83 2225 230 2306 strigil.“
276 2227 374 2292 Quare
401 2245 459 2284 ιιοιι
489 2224 561 2286 mule
588 2226 748 2306 suspicatur
773 2225 907 2300 Bauius,
935 2225 1111 2286 scribendum

83 2327 137 2370 asse
156 2311 382 2394 mustrigula.

573 2459 609 2522 V.

153 2580 270 2642 Paullus
298 2601 335 2641 ex
362 2580 466 2640 Festo.
505 2577 741 2651 „0bbrutuit‚
772 2577 932 2658 obstupuit,
969 2578 1111 2651 abruto,

81 2666 145 2739 quod
180 2667 291 2748 antiqui
328 2686 380 2747 pro
418 2665 521 2747 gravi,
564 2664 705 2723 interdum
737 2682 789 2743 pro
822 2665 935 2744 stupido
967 2663 1111 2724 eliserunt.

9 2781 10 2794 ι
80 2747 217 2811 Alrouius:

188 2879 240 2891 -
267 2831 353 2906 Nou
377 2857 525 2928 possum
550 2834 701 2905 uerbum
725 2833 870 2924 faeere;
903 2830 1112 2905 obbrutui.“

566 3001 615 3062 Vl.

154 3123 307 3184 Festusv
329 3121 537 3194 Remillum,
565 3122 680 3202 Fragm.
702 3125 782 3199 pls
807 3121 851 3180 ed.
874 3120 992 3184 [lacer.⁸
1019 3119 1110 3193 „Re-

80 3206 202 3268 uilium
225 3208 329 3268 dicitur
349 3205 430 3286 quasi
452 3165 614 3284 reparidum.
636 3238 679 3250 -
699 3201 880 3286 Afra(uius
872 3224 901 3266 ιιι
923 3245 1058 3268 .....

116 3292 343 3373 Colxeudiee
364 3310 506 3372 pergam
529 3329 881 3350 ............
881 3289 907 3325 “

79 3371 180 3437 Paucos
202 3378 336 3457 syllabus,
358 3376 468 3435 uncinis
490 3374 605 3434 anobis
620 3375 754 3448 inclusas,
775 3375 964 3436 restituerunt
976 3372 1110 3434 editores.

79 3455 259 3522 lacunam
235 3483 278 3520 sue
299 3462 415 3540 expiere
436 3459 543 3541 possis:

824 3583 874 3595 -
900 3539 1111 3614 (loxiudioa

122 3639 282 3740 Pergim
307 3647 449 3719 remilla
472 3648 617 3718 videre.
643 3685 696 3698 -
773 3720 775 3724 ,

559 3813 621 3873 lll.

154 3933 306 3995 Festusv.
332 3932 522 4003 Rutilium,
551 3932 665 4014 Frugm
693 3937 777 4010 pao
806 3930 850 3989 ed.
871 3928 992 3990 Docere
1020 3927 1110 3999 „Ru-

77 4012 169 4076 tilum
193 4019 284 4078 rufum
305 4017 463 4099 significan
487 4017 566 4076 euius
588 4017 692 4076 eoloris
713 4015 856 4074 studiosae
877 4015 961 4074 etiam
974 3968 1109 4093 antiquae

78 4099 202 4162 mulieres
224 4105 355 4178 fueruntp
376 4104 450 4162 uude
473 4110 623 4161 traxerunt
644 4100 815 4200 cognomipa
836 4097 1108 4170 rutilas‚ut1u·

76 4181 146 4245 diost
171 4189 350 4267 frequenter·
362 4188 533 4258 Afranius.“
577 4186 735 4247 Rutilum
763 4185 832 4247 viris
858 4185 951 4246 doctis
979 4183 1108 4244 debetur.

830 4285 873 4352 18
959 4343 964 4353 .
