2772 4968
288 363 342 448 68

288 542 420 637 quiam,
446 540 612 634 quamvis
626 540 809 632 ambiguo,
834 538 894 610 hic
914 538 1123 610 nominandi
1136 545 1220 610 sunt
1241 539 1319 612 Ae·

202 675 205 681 ·
289 638 1007 730 linsania,AntoninsRufus‚
1032 639 1320 732 Pomponius.

265 746 332 819 J„
356 744 599 837 Pomponium
629 744 901 815 Bononiensem
931 751 1075 835 togatas
1100 745 1321 814 tabernarios

286 849 475 939 scripsisse
508 847 615 916 etiarn
649 867 715 937 per
746 846 872 916 titulos
894 846 1100 916 fabularum
1125 846 1203 916 eius
1229 868 1321 916 com·

284 951 409 1043 plures
434 948 542 1019 facile
568 949 768 1018 concedere
793 947 896 1036 lieet3
922 953 1018 1039 qnod
1039 948 1135 1017 idem
1149 949 1196 1016 de
1210 948 1321 1018 altero

286 1073 429 1144 quoqne
443 1051 566 1120 valeat
576 1049 828 1119 Atellanarum
844 1049 1021 1139 scriptore
1036 1050 1147 1136 claro,
1162 1045 1198 1118 N
1207 1072 1229 1118 o
1238 1050 1319 1119 vio.

287 1152 330 1226 0.
356 1151 528 1222 Melissus
559 1160 680 1221 antem
712 1159 752 1222 nt
783 1151 878 1219 inter
901 1158 1105 1243 togatarum
1130 1151 1321 1242 scriptores

286 1261 517 1326 enumeratus
548 1253 767 1350 reperiatur,
803 1255 986 1322 trabeatus
1012 1253 1091 1322 eius
1115 1253 1215 1322 solas
1242 1253 1320 1322 effe·

286 1356 382 1427 cisse
413 1355 591 1445 putandas
623 1376 723 1441 esse,
756 1375 867 1444 supra
897 1354 1114 1424 monuimus.
1155 1350 1322 1424 ‚Prorsus

284 1479 375 1527 vero
401 1478 459 1526 me
479 1456 586 1548 fugit,
611 1477 683 1546 qna
704 1457 919 1526 anctoritate
935 1456 1052 1525 nitens
1065 1453 1243 1626 Mnnfflns
1259 1455 1320 1550 ²³⁰)

197 1641 203 1652 ¹
285 1555 471 1628 Trabeam
502 1565 540 1627 et
570 1555 781 1628 Dossennm.
819 1558 858 1626 in
889 1563 1148 1649 togatarums
1202 1561 1322 1648 ptores

283 1659 457 1730 retulerit.
508 1656 676 1751 Denique
701 1659 761 1730 hio
785 1660 1102 1730 commemoranda
1123 1668 1178 1728 est
1198 1659 1322 1730 incerti

288 1759 446 1830 auctoris
489 1758 722 1837 Querulns
770 1760 850 1830 sive
894 1760 1168 1854 Aulularia,
1228 1782 1320 1852 quae

287 1862 422 1952 scripta
453 1862 596 1930 videtur
628 1883 710 1932 esse
742 1862 888 1932 ineunte
914 1863 1062 1932 saeculo
1086 1869 1213 1953 quarto
1241 1868 1321 1954 post

285 1961 467 2034 Glrristum
491 1970 616 2032 natum
632 1961 712 2057 ²³¹).

384 2063 640 2156 spectantibus
664 2065 769 2136 nobis
794 2064 867 2134 iam
893 2086 1018 2135 eorum
1042 2063 1232 2155 poetarum
1259 2087 1319 2134 nu·

282 2189 433 2253 merum,
458 2169 520 2258 qni
543 2167 688 2237 fabulas
714 2167 881 2258 palliatas
901 2167 1132 2257 seripserunt,
1159 2173 1320 2258 apertum

284 2275 351 2356 est,
376 2289 565 2338 numerum
587 2291 724 2356 eoram,
750 2269 811 2360 qni
832 2275 976 2360 togatas
995 2269 1171 2355 fecerunt,
1198 2289 1318 2360 qnam·

284 2371 341 2440 vis
366 2371 487 2462 plures
511 2371 627 2441 fnisse
652 2372 762 2441 statui
786 2371 919 2461 possit,
946 2391 1054 2461 qnam
1079 2391 1234 2461 quorum
1261 2392 1318 2439 no·

283 2471 382 2541 mina
406 2472 558 2557 scitum,
598 2471 630 2541 si
656 2493 737 2542 eum
762 2472 824 2542 illo
851 2481 1096 2563 comparetur,
1135 2472 1319 2542 minimum

283 2573 417 2662 fuisse3
466 2582 632 2664 apparet,
680 2572 809 2665 politas
847 2569 1034 2643 Romanos
1072 2574 1220 2643 facilius
1253 2572 1320 2644 sibi

284 2676 446 2761 duxisse,
474 2671 638 2746 Graecas
661 2676 825 2762 fabulas,
851 2675 978 2764 paneis
1002 2675 1160 2761 mutatiS,
1187 2673 1318 2745 Latine

282 2785 443 2862 vertere,
483 2798 592 2868 quam
624 2799 773 2866 prorsus
805 2798 921 2846 novas
945 2776 1100 2868 fingere,
1134 2789 1198 2846 aut
1222 2783 1317 2846 certe
1383 2834 1384 2862 2

221 2879 232 2896 ⁰
283 2877 364 2948 illas
389 2877 441 2946 ita
465 2877 680 2965 informare,
712 2885 755 2948 nt
778 2879 874 2949 inter
898 2899 961 2948 eas
987 2891 1025 2948 et
1048 2900 1177 2949 recens
1200 2879 1317 2950 factas
1383 2873 1384 2884 ’

167 3049 168 3058 ¹
280 2999 354 3049 non
378 2978 528 3047 multum
553 2978 793 3051 similitudinis
817 2986 972 3080 restaret
983 2977 1063 3078 ²³²)

365 3193 441 3276 230)
463 3196 498 3255 de
528 3195 666 3276 Pompon.
688 3196 800 3256 Boron.
828 3218 855 3275 p.
872 3203 922 3257 27.
943 3229 987 3242 —-
1020 3194 1096 3278 231)
1123 3197 1187 3256 vid.
1215 3197 1316 3256 Klink-

281 3279 410 3339 homerus
431 3281 570 3363 Prolegg.
593 3283 629 3341 ad
650 3283 721 3342 hone
742 3281 798 3341 fob.
814 3282 874 3340 Vll.
897 3309 940 3326 ·—·
969 3279 1045 3362 232)
1068 3281 1185 3341 llecn'ns
1206 3282 1244 3340 <ln
1261 3281 1315 3340 Bo-

281 3363 341 3423 rius
362 3363 472 3424 Reliex.
501 3367 564 3425 crit.
593 3367 634 3426 T.
653 3368 675 3426 Ι.
695 3367 776 3426 XXl.
804 3367 965 3446 scripsisset
991 3365 1173 3444 plusieurs
1200 3386 1251 3446 pro
1273 3386 1314 3424 uu

280 3450 394 3530 grand
426 3451 573 3512 nombre
605 3451 634 3510 in
670 3451 762 3522 hisee,
805 3471 878 3529 quoe
910 3452 945 3510 de
971 3450 1158 3530 praetextatis
1190 3450 1313 3531 profert:

280 3533 422 3612 „Quoiqu’
448 3534 468 3592 il
496 3555 532 3594 ne
559 3555 631 3594 nous
656 3535 714 3596 soit
741 3537 869 3594 demente
891 3540 993 3613 qu’une
1013 3536 1162 3617 Trogtdie
1184 3537 1219 3594 de
1240 3541 1314 3594 cette

280 3621 397 3697 espeee,
419 3617 595 3680 l'0ctavie
623 3621 670 3700 qni
690 3640 773 3700 passe
795 3639 862 3679 sons
884 3621 911 3678 lo
932 3640 996 3678 nom
1018 3620 1053 3679 de
1075 3622 1220 3698 Senaque,
1242 3637 1313 3677 nous

279 3721 402 3778 scavons
431 3704 594 3763 neanmoins
620 3724 675 3783 que
701 3704 743 3764 les
769 3704 906 3764 Romulus
933 3723 968 3763 en
1004 3703 1117 3765 avoient
1148 3723 1187 3762 nn
1221 3703 1313 3785 grand

279 3788 424 3848 nombre.“
465 3789 586 3849 Praeter
612 3790 740 3850 Senecae
770 3790 915 3850 Octaviam
941 3788 1118 3868 fabulamque
1125 3832 1135 3862 ,
1170 3790 1205 3848 de
1230 3787 1312 3848 Bulbi

279 3872 437 3949 quaestoris
457 3872 559 3933 ifinere
584 3875 622 3933 ad
642 3873 793 3934 Lentulum
817 3873 1012 3953 conpositum,
1041 3893 1140 3934 novem
1166 3872 1229 3934 fere
1249 3879 1311 3931 tan-

278 3961 336 4016 tum
357 3964 567 4039 praetextatum
586 3958 783 4039 inscriptiones
805 3959 886 4019 nobis
907 3959 1099 4021 innotuerunt.
