2772 4968
281 339 363 422 150

282 516 320 580 ad
344 514 422 596 quod
449 531 593 580 aunem
624 513 805 577 referendum
832 523 974 594 putarent.
1023 517 1126 578 aaa·
1147 523 1234 576 auten
1251 534 1304 594 pm-

284 608 384 680 ptem
409 600 575 666 voertam
602 598 725 666 sabulo
752 601 895 666 auritatae
921 602 1048 673 videtur,
1079 621 1116 662 ne
1136 601 1197 680 quia
1217 599 1306 662 Titinii

282 685 482 750 maturitatem
502 705 541 748 ex
562 685 634 748 iitro
656 686 754 764 quinto
776 685 873 748 afferri
895 687 1069 765 opinaretur.

366 771 485 836 Qualem
507 789 654 848 perronam
681 772 727 834 hie
747 780 865 852 gereret
886 771 940 832 iate
961 773 1101 842 Quintae,
1138 791 1176 834 ex
1196 769 1306 848 reliquiis

281 875 340 920 non
367 862 500 934 apparet3
531 867 599 934 puto
621 865 713 918 tamen
742 877 842 918 nomen
870 877 934 918 anae
955 861 1113 937 proprium,
1146 877 1200 916 non
1227 875 1308 917 aune·

279 941 351 1006 ride.
394 941 439 1002 iix
460 939 563 1020 fragm
587 942 651 1012 ΙΙΙ.,
682 942 819 1020 riquidem
844 962 939 1006 varum
961 943 1109 1004 tectionem
1138 941 1253 1021 amplexi
1271 959 1309 998 an·

281 1045 359 1097 nun,
385 1023 572 1106 intelligitur,
599 1026 661 1086 reni
679 1027 799 1105 punitam
820 1047 884 1088 esne
905 1028 1088 1107 desponrann,
1111 1047 1184 1105 qnae
1204 1027 1254 1086 ion
1273 1043 1309 1084 ee·

281 1117 328 1169 aet
362 1129 469 1189 sponsa
499 1110 585 1181 alius,
623 1111 696 1168 haud
728 1111 812 1170 dubie
848 1113 966 1171 alicuius
996 1113 1196 1175 adoloaentir.
1245 1110 1310 1169 ilaec

282 1195 376 1275 puelia
397 1195 509 1254 uidetur
530 1196 713 1274 pronuntiare
735 1195 838 1278 fragm.
853 1197 891 1268 i.,
914 1217 997 1276 quum
1020 1207 1109 1256 mater
1124 1194 1309 1276 aignifioarset,

282 1300 344 1339 eam
372 1279 434 1338 aeni
461 1279 489 1337 in
518 1281 723 1339 matrimonium
751 1283 845 1340 datum
873 1283 917 1340 iri.
967 1283 1083 1340 Summa
1103 1282 1193 1362 igitur
1212 1280 1311 1343 tutatae

281 1364 375 1444 posita
394 1363 483 1446 fuerit
504 1363 533 1423 in
555 1363 691 1436 fallaciis,
719 1367 820 1445 quibus
841 1367 975 1447 pueliam,
1004 1367 1067 1432 aeri
1089 1375 1227 1446 ereptam,
1255 1364 1311 1422 ado·

282 1449 402 1512 ieacenti
424 1450 584 1522 traderent3
606 1471 662 1530 qua
683 1451 711 1510 in
734 1473 766 1512 re
787 1453 938 1532 praecipue
958 1452 1112 1531 parasitum
1135 1471 1188 1510 nna
1207 1447 1311 1530 praesti-

281 1533 353 1594 tisse
374 1534 511 1614 colligere
532 1534 599 1593 lieet
620 1555 657 1594 ex
679 1535 782 1616 fragm.
805 1538 842 1596 ΙΙ.
889 1538 932 1598 An
953 1537 1078 1599 tortusue
1098 1537 1135 1600 ab
1157 1536 1218 1602 eiua
1237 1532 1312 1596 nani·

281 1639 318 1678 ne
338 1617 455 1678 fabulae
476 1619 575 1678 titulun
595 1621 701 1700 petitur
723 1629 776 1680 eet.

688 1831 917 1846 mou——

645 2010 954 2070 saulae.

792 2163 814 2222 Ι.

363 2275 473 2335 Nonius
496 2299 523 2356 p.
546 2284 582 2338 19
605 2279 650 2340 ed.
672 2279 776 2339 Mero:
809 2282 969 2352 „Trnam
1000 2287 1114 2342 veteres
1147 2303 1166 2342 a
1197 2279 1311 2350 terendo,

279 2379 361 2439 quam
383 2381 436 2420 noe
458 2361 623 2423 diminutivo
645 2365 757 2427 trullam
779 2365 913 2438 dicimus,
942 2367 1078 2446 appellari
1099 2367 1258 2428 voluerunt
1278 2365 1311 2408 ’-

279 2445 407 2506 Titiniun
428 2446 457 2504 in
479 2447 595 2506 Setina:

329 2539 521 2639 Sapientia
545 2553 765 2642 gubernator
789 2575 920 2622 navem
942 2545 1104 2646 torquet,
1139 2553 1239 2624 haud
1258 2572 1311 2620 va·

834 2645 845 2674 Ι
873 2655 908 2722 pu.
931 2677 939 2694 ·

327 2747 450 2820 (Jonas
475 2756 645 2844 maignum
671 2655 1018 2848 alnenurdffndddndo
1041 2757 1173 2844 fervit,
1200 2745 1313 2848 padua

809 2849 974 2928 confutat
998 2865 1119 2928 trua.“

278 2986 401 3027 navem
434 2975 592 3048 torquet.
635 2973 760 3054 Legitur
789 2981 937 3054 torquet
967 2996 1087 3036 navem
1115 2976 1145 3035 in
1168 2975 1231 3036 edd.
1253 2974 1311 3032 Jnn.

278 3052 434 3124 attieno,
462 3073 534 3132 quae
555 3057 634 3117 nolae
656 3058 700 3116 hic
722 3065 811 3118 totum
832 3061 937 3120 habent
954 3061 1055 3120 iocum.
1099 3063 1132 3120 ln
1155 3058 1312 3140 antiquiori·

194 3165 199 3174 ,
277 3136 331 3194 bun
357 3137 421 3195 edd.
451 3145 481 3197 et
501 3141 563 3199 cod.
588 3143 706 3222 Gueipir.
729 3144 816 3204 verba
843 3147 1134 3226 gubernator-
1156 3143 1313 3207 valentia

279 3220 476 3281 desiderantur
495 3224 550 3283 hoc
571 3225 644 3286 loeo.
666 3262 709 3274 -
729 3229 803 3288 Non.
826 3244 853 3309 p.
867 3235 942 3292 502:
971 3232 1124 3302 „Fervit
1145 3253 1197 3310 pro
1218 3230 1311 3290 servet.

284 3337 321 3352 -·
342 3305 470 3370 'l'itinius
496 3309 524 3368 in
547 3311 661 3376 serianz
694 3313 726 3372 S·
754 3336 786 3395 g.
817 3336 939 3377 navam
970 3323 1132 3394 torquet,
1164 3337 1234 3376 nnn
1265 3333 1311 3374 va·

277 3388 409 3464 lentia3
442 3393 585 3458 coam
613 3404 667 3463 eta.
698 3430 740 3444 -·
775 3420 896 3460 navem
926 3408 1083 3479 torquet.
1125 3401 1194 3463 dun.
1230 3401 1314 3462 More.

278 3479 426 3560 torquet
453 3497 585 3542 navem.
607 3514 649 3526 -·-
676 3503 754 3544 uon.
785 3484 851 3544 dun.
874 3507 964 3566 marg.
987 3487 1088 3546 haud.
1120 3518 1163 3530 -
1194 3484 1311 3561 Nomp·

279 3565 354 3624 186:
385 3560 592 3636 ,‚Vaientia,
623 3565 770 3630 tortitudo.
798 3602 837 3614 -
870 3571 998 3632 Titinius
1025 3572 1053 3629 in
1083 3570 1199 3632 Setina:
1231 3571 1262 3630 S.
1283 3587 1310 3648 g.

276 3663 397 3704 navum
419 3652 581 3725 torquet,
609 3671 677 3710 uon
698 3653 897 3715 valentia.“
919 3689 960 3700 —-
987 3655 1060 3715 Non.
1083 3664 1180 3733 p.87:
1205 3656 1310 3727 „eon-

275 3723 397 3792 futare
419 3738 464 3794 eat
484 3732 657 3800 confundere
678 3738 723 3800 vel
742 3739 924 3802 conmittere.
946 3774 987 3790 -ψ
1010 3740 1138 3800 Titinius
1155 3741 1184 3800 in
1201 3738 1309 3799 Setina:

276 3812 391 3878 Coeus
423 3823 611 3897 magunm“
642 3828 696 3884 eto.
728 3856 769 3874 -.-
801 3824 874 3886 Nun.
907 3833 1029 3904 pato:
1071 3823 1311 3896 „confutare

274 3913 460 3964 commonere.
502 3902 630 3968 'litiniun
652 3905 680 3968 in
703 3907 817 3970 Satinar
852 3911 992 3975 cnew
1021 3919 1075 3970 ete.
1118 3909 1310 3988 Antiquiorun

274 3979 337 4041 edd·
365 3997 490 4048 monstra
516 3987 561 4050 nie
592 3987 694 4054 afferre
723 4012 779 4054 non
808 4002 853 4054 ent
881 3995 1135 4074 operaepretium.
1178 3992 1308 4053 Bothinn:

271 4067 489 4140 „Goniutat,
512 4073 679 4151 comperuit,
702 4095 759 4136 non
780 4077 943 4151 confundit,
964 4080 1126 4150 committit,
1147 4081 1308 4143 commovet

274 4156 306 4212 ut
324 4151 418 4227 piacet
439 4153 612 4220 Manedum
1214 4187 1215 4194 ¹
