2772 4968
288 369 363 448 116

781 547 1062 608 -Euecastor

333 633 373 694 si
408 638 568 692 moratae
610 631 695 691 sitis
738 633 857 692 umbos
898 633 1015 703 itibus,
1057 629 1110 688 uti
1152 628 1206 707 pol
1242 647 1310 708 ego,

900 715 1068 775 moribus!

291 811 333 876 ut,
357 823 413 862 non
435 801 505 861 ciiso
528 801 663 872 ambae,
691 821 791 864 uersus
813 801 886 861 aitcr
906 803 944 860 sit
966 805 1161 880 asynortctus‚
1194 795 1312 875 composi-

291 895 338 948 tus
360 907 397 946 cx
419 888 509 946 trocin
531 887 595 945 dim.
618 893 648 945 ct
668 886 750 948 iamb.
773 886 838 946 dian.

772 1021 852 1082 ΧΙΙΙ.

374 1139 807 1218 Noninsp.4ooed.o10rc.:
835 1137 1045 1212 „Accusativua
1071 1137 1180 1196 nunrcri
1206 1133 1313 1216 singula-
1378 1161 1379 1216 3

292 1224 332 1284 ria
353 1225 463 1304 positus
485 1243 536 1302 pro
557 1223 685 1305 genitivo
701 1225 817 1324 Jriuroii.
839 1257 882 1269 -
902 1223 1032 1283 Titinius
1052 1256 1095 1270 --
1116 1223 1144 1281 in
1167 1221 1288 1284 Gemina:

343 1309 428 1380 Non
460 1310 670 1380 txsecratur
694 1332 729 1380 1s
754 1310 989 1402 parasitum,‘
1014 1310 1081 1378 noc
1106 1309 1224 1377 virum
1247 1305 1313 1375 abs·

909 1403 1012 1502 petiit
1040 1407 1205 1479 domoi“
1233 1421 1235 1427 ‘

293 1519 508 1573 exsecratur
542 1509 581 1570 is.
631 1511 712 1571 Libri
747 1510 915 1572 inconcinne
943 1509 1315 1573 cxsccratisvcicnsc·
1378 1549 1379 1554 η

292 1605 373 1656 crat
398 1597 437 1655 is.
477 1595 558 1655 Both.
586 1594 618 1653 is
646 1603 827 1656 exsecrat.
856 1629 898 1642 -
926 1596 1108 1676 abspcilit.
1141 1596 1208 1654 Jun.
1239 1612 1314 1670 marg.
1378 1639 1379 1665 1

293 1680 498 1761 aspeliitis.
542 1683 692 1740 coctorum
712 1701 812 1742 vcrsus
833 1681 935 1742 allatus
957 1682 1023 1741 boni
1050 1679 1226 1764 grammatici
1244 1695 1315 1757 regu-

293 1767 347 1825 lorn
370 1786 427 1825 non
450 1763 607 1826 coufirmat.

772 1884 850 1944 XiV.

378 2001 487 2060 Nonius
508 2023 536 2081 p.
553 2007 614 2063 497
637 2001 681 2061 cd.
697 2002 802 2064 Mero:
825 2002 1031 2075 ,Accusativus
1051 2003 1163 2084 positus
1184 2021 1234 2084 pro
1254 1999 1316 2059 ablu
1378 1987 1379 2008 ²

295 2086 365 2147 tivo.
397 2086 526 2145 Titinius
547 2085 576 2145 in
599 2086 731 2147 Gemina:
1261 2147 1265 2156 ,

934 2215 983 2228 -
1010 2171 1152 2266 Edepol
1178 2167 1316 2244 hominis

343 2261 478 2364 Iguuini
500 2272 647 2344 functus
673 2272 870 2347 cfficiumf‘
895 2315 944 2326 -

777 2425 841 2485 XV.

376 2538 486 2599 Nonius
512 2561 540 2619 p.
560 2543 622 2603 510
643 2541 688 2602 ed.
709 2542 813 2602 Μυκη
845 2543 1092 2626 „Benignitcr
1117 2564 1173 2625 pro
1201 2543 1317 2624 benigno·
1376 2583 1377 2624 3

293 2621 421 2683 Titinius
443 2625 471 2683 in
494 2626 630 2686 Gemino:

342 2700 505 2780 Ninnium
530 2718 566 2780 tc
592 2712 809 2802 patricinari
835 2714 964 2784 conseo
989 2704 1234 2806 benigniter.“

292 2807 438 2869 Nimium
460 2817 505 2869 tc.
538 2811 608 2871 Vcn.
624 2813 648 2872 1.
662 2815 698 2872 ΙΙ.
718 2814 787 2875 Par.
809 2814 990 2875 Nimirum.
1011 2849 1054 2862 -
1075 2835 1222 2877 ccnsco.
1242 2813 1317 2874 Marc.

293 2892 377 2952 uoto.
399 2895 530 2954 sentio.

771 3033 849 3092 XVI.

290 3201 293 3208 ,
375 3142 540 3206 Priscianus
559 3146 598 3205 X.
625 3155 656 3210 7.
679 3155 729 3211 38.
755 3171 784 3229 p.
802 3157 863 3214 898
890 3172 936 3231 up.
961 3152 1095 3212 Putscb.:
1124 3153 1214 3226 „Non
1240 3149 1317 3211 solun

292 3221 328 3288 τὸ
350 3229 515 3304 κοσκινῖζον
542 3230 654 3313 κρίνω
682 3233 725 3293 sic
747 3235 888 3313 (cerno,
916 3236 1025 3316 crevi)
1048 3236 1118 3297 iacit
1138 3238 1317 3318 praeteritus,

293 3312 343 3372 scd
366 3313 449 3372 ctiam
470 3335 552 3394 quum
574 3337 625 3397 pro
647 3318 752 3378 video
774 3321 919 3400 accipitur.
961 3322 1090 3382 Titinius
1112 3323 1140 3383 in
1163 3323 1291 3383 Gemino:

343 3397 460 3468 {imni
484 3403 524 3470 rit
548 3424 681 3492 pucras
707 3405 812 3474 nocte
826 3407 904 3477 irus
930 3399 1116 3498 suspirare
1143 3408 1259 3494 crovi3
1295 3453 1297 3460 ·

204 3541 212 3567 .
291 3517 343 3576 pro
371 3499 481 3560 vidi.“
531 3502 625 3584 Vulgo
655 3504 717 3564 hus
753 3513 873 3580 nocte,
908 3527 980 3586 quaa
1010 3509 1103 3568 verbu·
1130 3508 1213 3568 nrctri
1244 3523 1319 3566 causa

291 3582 441 3642 manifesto
472 3592 538 3644 aunt
570 3591 789 3667 transponendo.
837 3592 955 3651 Krciriio
982 3599 1057 3651 testo
1087 3594 1217 3653 nonnulli
1248 3589 1319 3651 codd.

291 3667 373 3740 hoc,
403 3669 477 3748 quod
505 3670 531 3729 ci
558 3672 659 3749 piacet
702 3675 772 3732 Mihi
800 3677 973 3754 probabilius
994 3678 1119 3750 videtur,
1148 3680 1213 3737 hoc
1235 3683 1319 3735 notun

291 3771 360 3810 csse
381 3773 419 3812 cx
440 3754 521 3826 hos,
548 3763 614 3833 post
641 3765 745 3817 nocte
771 3761 878 3838 posito,
910 3781 992 3840 qnam
1018 3763 1079 3821 hoa
1100 3782 1138 3822 cx
1158 3764 1241 3834 hac,
1262 3765 1320 3820 anto

290 3843 395 3896 nocto
416 3845 552 3898 retracto.
594 3841 712 3902 Bothius
738 3843 792 3903 hoc
818 3846 981 3905 vocabulum
1003 3867 1118 3926 prorsus
1141 3847 1243 3918 omisit,
1264 3863 1319 3906 vcr-

290 3940 424 4000 sumpno
447 3929 611 4001 osynartcto
632 3926 751 3999 habens,
773 3949 811 3988 cx
832 3930 941 3990 duobus
962 3930 1147 4012 ithyphallicis
1168 3933 1318 3992 constante.

291 4003 356 4064 Non
383 4006 619 4069 animaduerterat
646 4010 690 4072 vir
716 4012 830 4086 doctus,
853 4015 1033 4097 transpositis
1055 4017 1162 4078 duobus
1184 4012 1319 4079 uocabulis

291 4107 402 4150 versum
423 4092 563 4154 exsistere
583 4094 805 4175 pulcherrimum.

711 4249 913 4262 *-
