2774 4972
1098 359 1179 440 201

127 531 182 590 llx
202 529 302 596 esde!
323 531 470 593 concedis
483 530 607 594 fortem
623 540 734 614 sumpts
754 539 835 605 sunt,
857 552 930 613 quae
949 501 1182 616 leguntur-poa

128 617 255 676 eundern
276 617 445 696 scriptorem
464 619 529 678 Tit.
551 626 603 682 76.
626 627 661 690 8,
691 639 749 678 non
771 618 867 678 addito
889 617 1002 680 fabulae
1024 620 1152 683 nominet

176 696 269 775 „oen
290 697 371 762 ἔστιν
392 697 481 763 oridia
502 696 692 784 ἀθλιώτερον
712 695 837 785 πατρός,

176 782 268 864 Πλὴν
289 783 389 864 ἕτερος
410 780 448 846 ἂν
468 775 488 870 ᾖ
511 781 656 849 πλειόνων
678 787 795 850 παίδων
815 779 954 869 πατήρ.“

128 869 179 930 De
200 870 323 952 singulis
344 871 520 952 Emancipnti
546 873 672 952 reliquiis
699 881 849 953 praeterea
871 874 941 933 baec
961 871 1052 932 babeo
1075 869 1179 933 dicere.

127 955 251 1036 Fragor.
270 955 317 1015 ll'.
340 965 455 1018 nstrear
478 958 665 1018 adolescentis
687 959 871 1038 pronuntiare
893 963 977 1038 puto,
1000 976 1073 1036 quea
1093 955 1180 1017 liliunr

133 1049 237 1182 ssntre
274 1047 383 1120 petrea
416 1043 539 1103 samoe
592 1043 749 1104 Menander
782 1044 855 1124 apud
891 1043 1044 1102 stobaeum
1076 1043 1180 1126 llclog.

166 1125 199 1183 it
221 1133 274 1186 76.
297 1133 333 1186 7:

177 1203 296 1281 ,ζἘστιν
317 1206 350 1269 dd
369 1203 472 1290 μήτηρ
494 1202 670 1294 φιλότεκνος
688 1211 809 1289 μᾶλλον
830 1202 961 1290 πατρός·

171 1286 218 1352 Ἡ
234 1290 291 1369 μὲν
311 1291 369 1374 γὰρ
392 1287 487 1374 αὑτῆς
509 1288 588 1354 older
608 1289 690 1370 υἱόν,
724 1288 740 1356 ὅ
765 1291 794 1356 d‘
820 1291 952 1355 οἷἐται.“

132 1377 250 1458 Fdrgra.
274 1379 322 1437 lll.
353 1389 454 1438 eontra
481 1399 545 1438 esse
572 1380 694 1440 arbitror
721 1380 814 1451 senis,
846 1399 929 1458 quara
962 1395 1038 1436 uxor
1064 1377 1178 1450 dixerit,
1243 1421 1246 1430 .

131 1461 189 1540 ipsi
209 1464 361 1522 convenire
383 1464 520 1522 eiusmodi
541 1466 704 1546 coniugem,
736 1466 833 1544 quales
860 1464 920 1522 siat
940 1464 1073 1522 mulieres
1099 1481 1180 1522 scua-

132 1546 227 1605 uicoe.
270 1549 301 1606 ln
322 1547 425 1629 fragm.
448 1551 484 1608 ll.
507 1550 542 1609 nd
563 1549 811 1610 fortunessiut
831 1548 1043 1630 intelligendum
1065 1546 1178 1606 videtur

132 1631 414 1692 adolescentem.
458 1635 573 1714 Fragor.
594 1636 671 1693 ΧΠ.
700 1636 775 1695 baad
802 1633 886 1692 dubie
914 1641 982 1691 sont
1008 1632 1058 1690 lilii
1080 1633 1177 1702 verba,

131 1717 271 1794 puellam,
291 1737 374 1796 quan
386 1717 472 1797 'pater
491 1719 545 1798 ipsi
566 1720 595 1779 in
618 1719 821 1780 matrimonium
844 1718 983 1788 obtrudit,
1005 1718 1178 1797 spernentis.

132 1799 217 1866 Quae
237 1802 319 1861 xlx,
347 1803 411 1862 locu
437 1803 511 1883 apud
539 1825 591 1863 nos
617 1805 767 1886 leguntur,
800 1823 896 1862 eorunr
924 1802 1041 1860 alteram
1069 1810 1179 1880 partera

132 1904 230 1944 mern
252 1887 436 1966 pronuntiare
457 1889 603 1963 existino3
631 1891 753 1969 priorem
774 1886 975 1947 exclamaverit
996 1906 1080 1944 uxor.

458 2172 852 2234 EPISTULA.

648 2309 670 2368 l.

217 2408 327 2468 Nonius
354 2419 419 2490 p.8
441 2410 486 2470 ed.
507 2411 611 2470 blera:
642 2410 800 2484 „Trione
829 2415 896 2466 sunt
922 2405 1118 2486 impedimenta
1146 2414 1175 2465 et

130 2492 352 2572 implicationes:
385 2501 414 2554 et
435 2495 629 2568 intricare,
657 2495 807 2574 impedire,
834 2492 952 2552 morari:
980 2492 1072 2551 dietae
1094 2492 1175 2570 quasi

130 2577 246 2654 τρίχες,
279 2580 353 2657 quod
385 2580 474 2658 pullos
502 2581 677 2662 gallinaceos
707 2580 856 2640 involvant
885 2585 914 2636 et
945 2576 1097 2656 inpediant
1129 2595 1175 2636 ca·

132 2662 208 2741 pilli,
237 2665 355 2742 pedibus
375 2665 518 2744 implicati.
540 2699 582 2710 -
602 2665 737 2724 Afranius
758 2664 787 2722 in
810 2662 954 2744 Epistola:

185 2764 246 2834 Ita
270 2757 454 2838 intricavit
478 2758 588 2838 hdius
614 2768 708 2838 hanc
733 2789 811 2836 rem
836 2764 1064 2836 teneritas.“

638 2919 673 2978 ll.

218 3017 326 3077 Nonius
348 3041 375 3099 p.
391 3028 429 3082 18
450 3019 495 3080 ed.
510 3021 613 3080 blera:
638 3019 869 3093 „Nebulones
892 3023 921 3076 et
941 3013 1179 3075 tenebriones

132 3099 203 3160 dicti
224 3110 306 3174 sunt,
336 3105 383 3182 qui
403 3106 555 3165 mendaciis
578 3113 607 3164 et
628 3105 740 3164 astutiis
761 3103 820 3163 suis
842 3101 970 3162 nebulam
987 3101 1178 3180 quondam·et

133 3185 267 3246 tenebras
289 3189 438 3262 obiiciant3
460 3202 509 3249 aut
526 3189 626 3269 quibus
647 3190 683 3250 ad
704 3189 802 3271 lugam
817 3186 946 3270 fugitivis
968 3193 997 3245 et
1012 3183 1088 3244 furto
1108 3186 1180 3243 baec

134 3277 216 3330 erant
237 3276 448 3335 accommodata
469 3283 498 3334 et
519 3275 608 3334 utilia.
630 3309 671 3320 -
694 3274 828 3334 Afranius
850 3273 878 3331 in
900 3271 1044 3351 Epistula:

185 3373 268 3444 Huc
293 3376 394 3445 venit,
417 3377 563 3468 fugiens
590 3377 836 3447 tenebrionem
862 3371 1063 3464 Tyrium.“

133 3491 314 3569 Epistu'le.
352 3493 401 3553 Sic
429 3470 492 3553 cod.
524 3496 645 3574 Gnelpb.
683 3494 778 3574 Volgo
806 3491 984 3571 Epistola.
1012 3521 1055 3532 -·-
1082 3494 1177 3547 tene-

134 3575 303 3636 brionem.
342 3579 412 3638 cod.
442 3579 560 3659 Guelph.
589 3579 813 3638 tenebricae.
842 3609 884 3621 -
912 3573 1072 3652 Tyrium.
1105 3571 1176 3631 Cod.

138 3661 258 3741 Guelpb.
281 3661 434 3722 tirriura.
463 3664 534 3723 Ven.
557 3665 578 3722 l.
596 3666 632 3723 ll.
661 3665 728 3723 Per.
752 3663 882 3721 tirium.
911 3659 1009 3738 Stepb.
1032 3658 1176 3734 Tyrum.

5 3809 6 3812 Ἴ
133 3745 270 3817 Botlrins,
298 3748 439 3806 aenariam
461 3748 631 3820 restituens,
658 3749 840 3808 Tburium.
889 3745 971 3810 (luae
991 3742 1132 3820 scriptura
1152 3741 1177 3799 si

5 3843 11 3900 Ρ
136 3849 204 3890 rere
233 3840 327 3902 esset,
359 3834 413 3893 boe
434 3835 626 3905 Tbnriurn,
658 3833 736 3892 urbis
762 3851 878 3902 nomen,
910 3849 967 3890 non
999 3826 1176 3897 adieetivuar,

135 3915 208 3992 quod
230 3923 276 3974 est
291 3916 506 3990 Tlrnrionrn,
528 3919 564 3979 ad
578 3919 652 3977 Huc
672 3919 837 3998 pertineret.
869 3915 933 3974 Non
955 3912 1050 3972 dubito
1073 3917 1176 3982 nutem,

136 4000 384 4079 quia,squonion1
411 4004 496 4080 'l'yrii
524 4011 553 4063 et
583 4003 848 4085 Carthaginienses,
880 4019 962 4079 quum
992 4003 1177 4057 mercaturam

135 4093 304 4146 exercerent
318 4107 388 4166 prae
404 4088 539 4160 coeteris,
561 4089 674 4148 omnino
696 4085 868 4149 fraudnlcnti
888 4084 1076 4155 labebantur,
1098 4087 1177 4141 recte

135 4189 167 4230 so
187 4171 291 4231 babeat
311 4173 430 4254 vulgatu
450 4173 544 4235 lectio.
576 4171 622 4234 Gi.
644 4173 747 4256 fragm.
769 4172 851 4232 xlx,
