2774 4972
1041 358 1120 436 tur

74 533 194 618 potest
218 533 430 617 propterca,
466 527 564 619 quod
588 528 677 600 urbs
701 529 816 620 quasi.
839 537 1000 602 centrum
1026 539 1119 620 crat,

74 650 144 720 qun
170 649 245 698 non
269 629 388 698 solum
414 651 462 702 ex
487 635 565 700 toto
586 626 713 716 ltalia,
739 632 935 705 sedetiam
962 654 1010 704 ex
1033 655 1117 725 pro·

74 729 204 802 annio
234 729 490 801 remotioribus
522 731 644 806 omnia
674 731 820 824 ingenia
851 734 1008 804 clariora
1032 757 1117 806 con·

74 833 200 904 venire
232 832 401 902 solerent
452 833 577 926 Atque
603 855 652 904 cx
676 835 751 904 alto
777 844 940 906 veterum
966 835 1116 927 scdpto·

73 957 152 1004 runt
184 933 329 1004 silentio
362 936 408 1005 de
440 934 541 1021 loeo,
580 935 644 1006 ubi
667 943 879 1026 procreatus
913 937 961 1008 sit
991 945 1029 1008 ct
1053 939 1115 1010 ubi

71 1037 149 1106 vita
175 1035 394 1121 excesserit,
420 1035 595 1128 colligere
617 1057 727 1127 posse
752 1037 839 1108 mihi
858 1037 1003 1126 videor,
1031 1061 1114 1110 eum

73 1146 197 1208 natum
229 1157 374 1228 quoque
405 1159 450 1208 ac
480 1145 662 1208 mortuum
695 1160 777 1210 esse
819 1140 857 1210 in
895 1140 975 1231 ipsa
1011 1143 1112 1214 urbe.

72 1237 169 1310 Nam
200 1249 242 1308 ut
266 1239 457 1330 diligenter
482 1245 717 1328 annotarunt,
758 1239 906 1312 Livium
930 1241 1113 1312 Androni·

73 1363 155 1412 com
189 1339 371 1426 Tarento,
412 1338 480 1412 Gn.
506 1340 686 1412 Naevium
719 1362 767 1413 ex
800 1338 1018 1434 Campania,
1063 1342 1112 1422 Q.

72 1442 231 1512 Εωιίιιιιι
249 1439 397 1528 Rudiis,
422 1441 474 1514 M.
492 1440 695 1515 Pacuvium
716 1442 888 1532 Sarsina,
914 1441 1114 1517 caecilium

73 1545 232 1615 Statium
256 1566 305 1614 cx
331 1540 454 1616 Gallia
479 1544 763 1636 Transpadana,
798 1545 845 1618 ln
871 1543 1114 1638 Pomponium

72 1645 260 1730 Bononia,
300 1647 393 1717 alios
425 1647 571 1718 aliunde
596 1645 751 1718 Romam
782 1653 946 1720 venisse:
989 1648 1041 1718 ito
1065 1651 1113 1721 de

74 1750 136 1833 iis,
162 1748 224 1841 qui
249 1749 285 1818 iu
311 1748 392 1838 ipsa
415 1751 505 1820 urbe
529 1749 606 1820 nati
631 1757 752 1820 essem
770 1749 955 1842 ritumque
975 1759 1112 1820 transe-

74 1851 229 1941 gissent,
267 1872 375 1941 quum
403 1852 568 1924 omnibus
593 1859 813 1942 compertam
841 1853 1112 1939 arbitrarentur,

73 1953 181 2022 facile
212 1973 288 2022 rern
320 1953 517 2042 praeterire
549 1961 753 2045 potueruut.
810 1950 871 2024 De
903 1953 1112 2042 parentibus

75 2053 239 2138 Afranii,
280 2054 325 2123 de
353 2055 568 2125 educatione
601 2055 681 2124 eius
712 2075 757 2124 ao
781 2059 859 2124 tota
882 2054 1030 2124 vivendi
1053 2076 1113 2124 ra·

75 2157 170 2226 tione
202 2155 292 2226 nihil
324 2156 493 2226 traditum
528 2161 595 2226 est.
645 2152 760 2226 Plura
784 2154 831 2225 de
855 2155 978 2228 indole
1003 2163 1113 2248 atque

73 2257 218 2349 ingenio
260 2257 338 2328 eius
378 2257 521 2347 politico
561 2257 681 2328 dicere
719 2256 928 2348 marinus.
988 2258 1112 2329 Antea

3 2359 7 2386 ¹
73 2382 161 2428 vero
187 2360 406 2430 monendum
432 2366 506 2446 est,
532 2358 642 2430 aliurn
660 2380 804 2452 quoque
830 2357 1112 2449 ascriptoribus

75 2461 349 2530 commemorari
378 2459 423 2531 L.
445 2461 657 2548 Afranium,
690 2461 781 2532 Auli
803 2459 916 2530 filiurn
942 2456 1037 2554 (oio.
1064 2461 1111 2532 ad

3 2655 4 2658 Ἴ
76 2561 151 2632 An.
177 2561 211 2632 Ι.
240 2562 487 2658 18,19,20)‚
522 2585 629 2654 quem
655 2559 786 2634 Cicero
811 2561 926 2654 Epist.
952 2563 999 2634 ad
1022 2563 1110 2637 ton.

3 2701 4 2708 κ
75 2662 179 2734 XVI.
216 2664 264 2736 12
298 2671 335 2734 et
365 2663 488 2736 Julius
523 2661 663 2736 Caesar
695 2665 741 2734 de
772 2663 866 2734 Bell.
900 2663 969 2736 civ.
997 2661 1028 2734 Ι.
1061 2663 1112 2736 38

3 2779 6 2824 t
77 2763 240 2856 Pompeii
285 2766 447 2858 legatum
490 2766 528 2836 in
576 2765 754 2856 Hispania
798 2764 913 2836 faiae
952 2773 1110 2838 nunaut.

3 2873 4 2966 ]
76 2866 178 2936 Idem
211 2889 305 2937 anuo
340 2866 384 2938 U.
411 2864 454 2938 0.
481 2864 693 2938 Dcxclv.
726 2887 809 2938 cum
841 2865 888 2945 Q.
949 2863 1110 2936 Caecilio

77 2965 222 3038 llletello
250 2966 380 3040 Celere
405 2969 532 3040 consul
556 2969 635 3041 fuit.
688 2965 746 3042 cf.
771 2963 986 3060 Glandorpii
1012 2964 1111 3040 Ono·

77 3077 177 3141 mast.
204 3093 240 3141 v.
265 3070 463 3143 Afranii.

173 3171 220 3244 L.
253 3172 448 3242 Afranium
479 3169 625 3263 politam
661 3171 804 3242 fabulas
842 3177 986 3263 togatas
1025 3169 1110 3241 sori·

76 3275 210 3363 psissc,
243 3297 304 3346 res
330 3281 385 3346 est
409 3274 616 3360 notissima,
648 3295 781 3364 easque
804 3273 920 3344 fuisse
946 3272 1112 3342 taberna·

77 3377 163 3462 rias,
205 3399 279 3446 uon
310 3377 428 3448 minus
461 3396 586 3445 earum
617 3374 790 3466 reliquiae
821 3375 970 3461 docent,
1003 3393 1112 3464 quam

3 3481 4 3484 ’
77 3474 264 3548 Diomedis
289 3478 392 3548 loeus
416 3475 491 3548 111.
518 3499 552 3569 p.
575 3475 651 3548 488
676 3498 734 3566 ap.
759 3472 928 3546 Potsch.:
961 3473 1111 3566 „Toga-

77 3587 129 3648 tas
155 3581 382 3650 tabernarias
406 3579 444 3648 in
470 3599 640 3650 scaenam
661 3578 898 3648 ductaverant
918 3575 1111 3667 praecipue

3 3697 4 3756 1
77 3681 164 3767 duo,
205 3682 382 3752 Afranius
415 3687 452 3750 et
483 3679 720 3759 antoniusfl
772 3677 884 3757 Quod
917 3676 1112 3750 scholiasta
1166 3699 1172 3708 ·

77 3777 322 3874 Gruqaianus,
362 3789 538 3872 utsupra
563 3781 736 3866 vidimus,
776 3778 970 3850 Afranium
1003 3776 1111 3846 etiam

77 3891 320 3972 praetextatas
345 3883 591 3976 composuisse
618 3883 758 3968 scribit,
785 3882 820 3950 id
842 3881 968 3972 procul
989 3879 1111 3963 dubio,

3 3975 4 3992 ¹
77 4007 181 4076 quarn
206 4009 276 4056 neo
308 3987 401 4058 alius
428 3987 615 4079 quisquam
648 3984 800 4074 scriptor
832 3983 909 4052 eius
935 3980 990 4051 rei
1014 4001 1111 4048 rnen·

3 4093 5 4160 t
79 4082 208 4159 tioneiu
241 4089 369 4175 faeiat,
412 4109 528 4180 nequa
563 4088 641 4177 ipsa
673 4087 875 4177 fragmenta
908 4081 1111 4175 opinionem
